2514 4012
330 220 606 274 EIAEMENTORUM
624 221 734 272 LIBER
751 220 800 272 111.
1016 216 1084 283 185

64 369 155 434 bitus
184 367 351 450 adcidunt,
373 365 516 429 maxima
538 367 600 445 est,
628 384 711 448 quae
734 384 792 447 per
815 365 961 428 centrum
985 363 1084 429 ducta

67 479 131 559 est,
159 477 342 540 ceterarum
370 475 478 537 eutem
507 470 656 555 proxima
679 489 823 554 quaeque
847 469 889 553 ei,
922 490 1003 553 quas
1025 491 1086 553 per

68 583 216 647 centrum
239 583 298 664 est,
320 578 494 644 remotiore
517 577 622 643 maior
643 579 704 660 est,
726 577 887 641 rectarum
911 578 1019 641 eutem
1041 576 1082 640 ad

72 708 251 754 conusxam
282 690 411 771 partem
443 684 585 750 ambitus
618 682 836 748 adsidentium
863 680 999 746 minima
1023 685 1085 766 est,

66 815 151 878 quas
177 793 262 857 inter
289 794 445 877 punctum
472 795 505 855 et
531 790 725 855 diametrum
749 789 857 873 posita
879 790 938 870 ost,
961 791 1081 854 cetera·

67 921 140 965 rum
159 902 267 964 eutem
285 899 435 982 proxima
454 918 599 982 quaeque
613 896 766 960 minimae
780 895 953 960 remotiore
967 895 1086 981 minor,

67 1010 102 1072 st
134 1006 216 1071 duee
252 1005 341 1070 solae
373 1007 482 1069 rectae
510 1026 530 1068 a
556 1007 677 1088 puncto
705 1003 762 1067 illo
786 1002 826 1067 ad
850 1001 1006 1067 circulum
1030 1002 1085 1068 ed·

68 1110 176 1179 uident
197 1112 233 1176 in
255 1117 390 1196 utraque
409 1113 501 1195 parte
524 1110 687 1176 minimae.

364 1275 397 1330 A
509 1231 559 1298 Sit
595 1234 733 1299 circulus
771 1235 883 1318 ΑΒΓ,
923 1237 956 1298 et
993 1237 1088 1299 extra

354 1380 358 1385 ι
440 1344 544 1406 ΑΒΓ
559 1343 705 1405 sumatur
723 1343 879 1424 punctum
898 1339 1031 1426 aliquod
1042 1345 1087 1425 A,

321 1530 326 1541 Ι
442 1451 475 1513 et
499 1448 540 1513 ab
569 1468 607 1513 eo
631 1449 737 1512 rectae
761 1447 887 1531 aliquot
909 1447 1088 1512 educantur

236 1541 261 1569 *²
442 1558 526 1637 ΔΑ,
550 1557 631 1636 An,
654 1557 734 1637 az,
757 1556 837 1638 ΛΓ,
869 1556 902 1618 ec
929 1557 999 1619 ΔΑ
1027 1574 1087 1637 per

344 1644 353 1677 ⁵
442 1662 589 1726 centrum
612 1660 708 1725 ducta
736 1659 787 1724 sit.
811 1659 897 1743 dico,
924 1662 1085 1725 rectarum

442 1766 483 1831 ad
506 1788 618 1831 cauam
640 1769 769 1850 partem
792 1765 934 1831 ambitus
952 1766 1093 1830 ΑΕΖΓ

443 1872 660 1936 adsidentium
692 1871 869 1937 maximam
901 1893 971 1937 esse
1004 1893 1089 1952 eam,

443 1999 523 2063 quae
536 1999 595 2063 per
614 1981 759 2043 centrum
774 1978 875 2048 ,ducta
889 1978 941 2063 sit,
961 1981 1087 2066 AA‚ct

444 2087 559 2157 An>
575 2088 655 2168 AZ,
676 2088 789 2157 AZ>
805 2087 881 2168 ΔΓ,
903 2105 1013 2148 earum
1033 2106 1088 2149 au·

443 2195 525 2276 tem,
562 2212 643 2276 quae
674 2191 715 2255 ad
750 2213 925 2256 connexam
958 2194 1086 2276 partem

69 2297 213 2362 ambitus
236 2299 382 2360 ΘΛΚΗ
402 2294 566 2382 adsidant,
599 2297 768 2361 minimam
793 2318 862 2361 esse
885 2300 972 2381 AH,
1005 2318 1088 2380 quae

68 2404 154 2468 inter
163 2405 321 2486 punctum
335 2405 368 2466 et
381 2402 575 2467 diametrum
589 2409 621 2467 A
626 2406 664 2466 H
674 2404 783 2487 posita
796 2403 848 2487 sit,
862 2407 895 2467 et
903 2405 1087 2487 proximam

68 2651 207 2716 mutauit,
233 2649 282 2703 sed
307 2666 406 2718 parum
431 2649 519 2716 recte;
550 2665 640 2717 neque
666 2649 741 2704 enim
759 2648 890 2704 Euclides
912 2649 1090 2704 demonstrat

69 2725 124 2775 AA
151 2720 316 2788 maximam,
346 2723 410 2774 ΔΗ
432 2719 577 2774 minimam
603 2737 662 2774 esse
689 2720 835 2776 omnium
861 2721 1002 2775 rectarum
1025 2727 1088 2775 aA

69 2791 275 2858 adsidentium,
294 2791 369 2861 quod
386 2793 482 2846 tamen
500 2791 565 2846 inde
583 2790 667 2845 facile
686 2791 824 2860 sequitur,
844 2792 919 2859 quod
936 2794 1031 2846 rectae
1050 2791 1086 2846 ad

72 2864 195 2917 ΘΛΚΗ
216 2861 381 2917 adcidentes
405 2861 519 2916 omnino
542 2861 663 2917 minores
688 2865 753 2917 sunt
776 2862 884 2918 ceteris.
926 2861 1087 2933 Campanus

72 2932 170 2988 omisit
187 2949 214 3001 p.
231 2933 310 2988 1821.
322 2939 369 2988 23:
389 2924 429 2986 dv
448 2933 498 3001 μία
513 2963 547 2972 -
562 2939 604 2988 25.
625 2928 758 3001 εὐθειῶν,
778 2936 872 2988 cetera
889 2934 922 2987 ut
940 2949 989 2988 nos
1007 2948 1088 3004 prae-

68 3005 125 3058 bet
163 3004 299 3058 Eutocius
317 3021 344 3073 p.
362 3008 422 3070 182,
436 3009 542 3058 24-25
562 3007 591 3059 et
609 3022 636 3072 p.
653 3009 712 3072 184,
728 3010 798 3059 3-4
816 3006 849 3059 nt
865 3021 916 3059 nos
935 3004 1014 3074 legit.

71 3081 112 3128 15.
138 3075 208 3129 Post
233 3080 285 3128 ΔΑ
309 3075 374 3130 add.
400 3070 529 3144 ἐλαχίστη
552 3074 585 3130 δὲ
609 3071 626 3143 ἡ
652 3073 758 3144 μεταξὺ
782 3077 833 3130 τοῦ
852 3081 878 3129 A
903 3078 1019 3145 σημείου
1038 3075 1088 3130 καί

68 3146 121 3214 τῆς
140 3143 293 3215 διαμέτρου
312 3147 362 3214 τῆς
380 3150 440 3200 ΑΗ
455 3145 548 3210 BFV3
567 3146 644 3200 idem
662 3147 684 3200 P
704 3150 777 3216 (ΔΗ
794 3163 845 3216 pro
864 3150 934 3213 AH)
954 3147 1020 3215 etp
1038 3147 1086 3201 ad·

70 3216 132 3270 dito
150 3235 181 3271 τε
201 3220 267 3270 ante
288 3222 313 3270 A
332 3220 361 3271 et
379 3234 463 3286 supra
481 3213 586 3286 μεταξύ
606 3216 710 3288 scripto
729 3213 747 3285 ἡ
768 3221 840 3282 ΔΗ;
870 3212 998 3287 ἐλαχίστη
1017 3214 1048 3272 δὲ
1068 3212 1088 3287 ἡ

69 3283 177 3356 μεταξὺ
201 3287 251 3342 τοῦ
277 3290 394 3357 σημείου
417 3288 467 3342 καλ
485 3288 535 3355 τῆς
553 3285 705 3358 διαμέτρου
724 3289 774 3357 τῆς
793 3292 852 3341 ΑΗ
867 3288 909 3342 ed.
930 3289 1014 3343 Basil.

70 3363 113 3413 16.
132 3358 196 3429 τῆς]
217 3359 289 3428 (eit.)
308 3360 341 3429 τῇ
360 3359 421 3414 FV.
496 3365 537 3415 17.
559 3360 693 3431 ΘΛΚΗ]
714 3365 742 3414 K
759 3376 827 3415 corr.
849 3375 882 3412 ex
901 3361 930 3411 Η
947 3360 973 3413 V
991 3377 1028 3416 m.
1044 3365 1068 3415 1.

71 3433 114 3484 18.
139 3424 269 3499 ἐλαχίστη
285 3460 318 3470 -
335 3437 375 3485 19.
396 3436 418 3483 A
426 3431 470 3503 H]
495 3447 549 3486 om.
568 3429 714 3500 PBFVp‚
738 3431 781 3487 ed.
806 3428 905 3498 Basil.;
931 3447 1000 3486 corr.
1020 3431 1089 3486 Gre—

68 3500 174 3571 gorius.
250 3505 291 3556 19.
310 3497 373 3573 ἀτί]
394 3500 454 3556 ulei
469 3501 500 3555 F.
