2504 3998
140 203 206 269 332
516 199 717 253 ΣΤΟΙΧΕΙΩΝ
735 192 783 254 θ’.

141 343 319 412 ὃυυατόυ
353 345 460 411 ε’στιυ
484 339 622 421 αὐτοῖς
644 345 788 426 τρίτον
816 341 1050 432 ἀνάλογον
1074 364 1157 432 προο·

141 463 285 536 ευρεῖο.

199 555 374 624 Ἔστωσαν
403 559 439 623 οἱ
464 555 624 633 δοθέντες
650 553 714 621 δύο
745 550 909 650 ἀριθμοὶ
942 563 983 628 οἱ
1009 570 1054 647 A,
1072 568 1112 647 B,
1128 558 1161 626 αἱ

142 665 220 730 δέου
255 668 337 730 ἔστω
376 663 636 745 ἐπισκέψασθαι,
673 663 704 727 εἰ
741 664 914 733 δυνατόν
950 669 1050 735 ἐστιν
1080 664 1162 745 αὐτοῖς

108 775 256 855 ετρίτου
281 767 451 855 ἀνάλογον
474 779 684 855 προσευρεῖν.

210 878 255 941 Ολ
276 877 319 960 δὴ
344 883 390 960 A,
410 882 438 942 B
467 873 541 961 η’τοι
565 877 692 960 πρῶτοι
714 875 803 959 πρὸς
836 875 1030 965 ἀλλήλους
1057 873 1163 962 εἰσὶοᾷ

142 980 192 1049 06.
229 982 286 1048 καὶ
305 985 337 1048 εἰ
354 985 480 1068 πρῶτοι
499 983 584 1066 πρὸς
603 977 770 1065 ἀλλήλους
789 985 905 1070 εἰσίν,
929 987 1113 1072 δέδεικται,
1132 983 1165 1052 ὅτι

141 1085 316 1155 ἀδύνατόν
344 1090 435 1155 ἐστιν
468 1078 594 1167 αὐτοῖς
609 1091 723 1175 τρίτου
751 1083 948 1175 ἀνάλογον
978 1105 1166 1182 προσευρεῖν.

206 1191 304 1260 Ἀλλὰ
329 1197 371 1281 δὴ
396 1197 440 1281 μὴ
465 1199 614 1275 ἔστωσαν
638 1196 674 1261 ολ
694 1201 740 1278 A,
760 1199 791 1259 B
814 1200 964 1284 πρῶτοι
990 1203 1080 1289 πρὸς
1096 1195 1167 1283 ἄλλη

90 1323 122 1371 10
141 1306 236 1385 λους,
269 1300 325 1367 καὶ
359 1298 376 1368 6
410 1308 438 1368 Β
467 1301 590 1369 ἑαυτου
620 1301 934 1384 πολλαπλασιάσας
964 1309 1033 1373 τὸυ
1061 1313 1093 1375 Γ
1116 1330 1167 1373 ποι-

88 1491 92 1499 .
142 1411 226 1474 είτω.
273 1404 291 1474 6
323 1415 355 1474 A
383 1410 424 1492 δὴ
454 1411 515 1476 τὸυ
544 1413 576 1474 Γ
599 1404 674 1492 η’τοι
702 1418 817 1492 μετρεῖ
840 1403 866 1493 ἢ
896 1409 945 1478 οὐ
971 1427 1097 1500 μετρεῖ.
1129 1437 1167 1498 μιν

141 1517 257 1598 τρείτω
277 1513 442 1600 πρότερον
465 1516 547 1582 κατὰ
572 1515 634 1580 τὸν
658 1520 703 1579 A·
728 1508 745 1578 6
770 1520 804 1578 A
823 1511 900 1603 ἄρα
921 1520 992 1585 τὸυ
1014 1526 1051 1586 A
1068 1525 1168 1588 πολλο-

141 1615 329 1696 πλασιοὶσας
362 1645 423 1687 τον
460 1625 493 1686 Γ
524 1624 712 1704 πεποίηκεν.
756 1614 845 1685 ἄλλα
884 1626 963 1709 μὴν
1005 1626 1066 1692 καὶ
1100 1624 1118 1693 6
1147 1627 1167 1688 B

142 1714 264 1792 ἑαυτὸν
291 1724 586 1805 πολλαπλασιάσας
612 1727 673 1793 τὸυ
701 1730 732 1792 Γ
755 1731 971 1814 πεποίηκεν·
1006 1729 1026 1800 6
1057 1730 1167 1821 ἄραέτ

91 1853 122 1902 15
142 1833 210 1897 τοῖο
241 1840 290 1917 A,
311 1840 344 1897 A
372 1840 444 1910 ἴσος
472 1831 541 1898 ἐστὶ
568 1834 613 1922 τῷ
642 1827 706 1897 ἀπὸ
735 1833 796 1896 τοῦ
824 1837 867 1898 Β.
911 1839 1016 1904 ἔστιν
1049 1834 1168 1924 ἅραὸς

90 1939 94 1945 ”
143 1933 160 2002 6
190 1945 222 2003 A
250 1960 335 2025 προς
362 1940 423 2005 τὸυ
450 1944 495 2022 Β,
524 1937 541 2004 6
566 1944 595 2004 B
618 1961 701 2025 προς
722 1937 785 2002 τὸν
810 1943 859 2002 A·
890 1953 971 2020 τοῖς
997 1954 1049 2029 A,
1069 1951 1097 2011 Β
1118 1941 1167 2026 ἄρα

142 2047 252 2129 τρίτος
276 2041 423 2130 ἀριθμὸς
447 2042 619 2129 ἄοοὶλομου
642 2041 878 2131 προσηύρηται
913 2044 933 2113 6
962 2058 1012 2118 A.

207 2147 303 2216 Ἀλλολ
330 2152 371 2236 δὴ
396 2152 440 2236 μὴ
466 2155 621 2236 μετρείτω
647 2150 664 2217 6
689 2159 721 2216 A
743 2151 804 2216 τόυ
828 2155 871 2215 Γ·
898 2155 1014 2240 λέγω,
1041 2155 1092 2224 ὅτι
1113 2167 1167 2232 τοῖς

143 2264 189 2340 A,
214 2253 453 2323 Βολδυύατόυ
491 2258 559 2324 ἐστι
595 2261 709 2342 τρίτου
746 2253 926 2342 οἷοάλογου
974 2274 1165 2348 προσευρεῖν

89 2387 123 2435 20
143 2360 301 2449 ἀριθμόν.
350 2367 381 2429 εί
412 2365 477 2452 γὰρ
512 2362 673 2448 δυνατόν,
710 2363 977 2449 προσηυρήσθω
1016 2369 1036 2436 6
1071 2378 1112 2438 A.
1150 2393 1162 2432 ο

142 2467 208 2555 ἄρα
242 2471 277 2535 ἐκ
309 2472 378 2537 τῶν
408 2479 454 2555 A,
473 2476 507 2535 A
540 2477 612 2549 ῖσος
644 2469 712 2536 ἐστὶ
739 2472 784 2560 τῷ
814 2465 883 2537 ἀπὸ
914 2477 984 2540 τοῦ
1016 2483 1057 2543 Β.
1095 2471 1165 2543 ὅδὲ

143 2574 207 2643 ἀπὸ
230 2579 291 2643 τοῦ
317 2583 345 2642 Β
369 2577 459 2643 ἐστιν
484 2576 502 2643 6
526 2583 566 2645 Γ·
592 2573 610 2643 6
635 2573 700 2663 ἄρα
724 2577 759 2642 ἐκ
781 2578 849 2642 τοῖο
875 2586 926 2663 Α,
948 2589 988 2645 Δ
1014 2590 1090 2661 ῖσος
1107 2579 1164 2649 ἐστὶ

142 2688 187 2774 τῷ
212 2689 247 2750 Γ.
292 2680 375 2750 ὥστε
399 2682 417 2750 6
446 2690 477 2748 A
504 2684 564 2749 τὸυ
595 2691 627 2749 A
655 2680 954 2764 πολλαπλασιάσας
982 2691 1049 2755 τὸυ
1073 2694 1105 2755 Γ
1120 2711 1163 2754 πε·

142 2794 293 2874 ποίηκευ·
324 2787 341 2856 6
370 2799 402 2856 A
429 2788 495 2876 ἄρα
523 2791 583 2856 τὸν
608 2795 640 2857 Γ
662 2801 774 2875 μετρεῖ
793 2786 877 2854 κατὰ
904 2793 970 2857 τὸυ
997 2803 1044 2862 Δ.
1090 2792 1162 2861 ἄλλα

88 2916 122 2965 25
142 2920 209 2979 μην
247 2891 419 2963 ὑπόκειται
455 2895 510 2962 καὶ
543 2898 587 2982 μὴ
622 2899 764 2982 μετροὸυ·
802 2892 883 2978 ὅπερ
920 2895 1068 2969 ἄτοπον.
1109 2896 1162 2968 οὐκ

142 2997 207 3086 ἄρα
239 3000 386 3069 ὃυυατόυ
418 3005 485 3069 ἐστι
508 3015 579 3080 τοῖς
602 3010 697 3088 Α,Β
724 3006 837 3087 τρίτου
861 2998 1049 3091 ἆυοὶλογου
1073 3025 1163 3094 προσ·

142 3121 252 3193 ευρεῖο
286 3105 450 3194 ἀριθμὸν,
484 3105 565 3175 ὅταν
599 3105 617 3176 6
646 3120 676 3175 A
703 3109 762 3175 τὸν
789 3112 821 3174 Γ
849 3134 894 3194 μη
931 3119 1059 3202 μετρῇ·
1091 3113 1162 3199 ὅπερ

142 3217 209 3280 ε”ὃει
234 3217 349 3294 δεῖξαι.

213 3398 237 3446 4.
258 3386 436 3458 ἐπισκέψαιτο
456 3411 477 3460 φ
496 3394 562 3460 (non
582 3392 622 3460 F).
696 3397 720 3446 6.
745 3388 776 3444 δέ
801 3393 910 3459 φ(οοη
934 3393 977 3461 F).
1053 3393 1161 3466 πρῶτοι]

139 3464 238 3554 ροεῖεα
257 3462 321 3515 add.
341 3463 371 3517 B.
429 3469 453 3517 7.
473 3463 522 3555 καὶ
541 3461 582 3534 εἰ]
603 3462 638 3531 Ρ,
658 3461 708 3517 καὶ
726 3460 754 3550 ελ
770 3460 823 3531 μέν
837 3462 875 3528 Ρς
895 3461 926 3516 εἰ
938 3459 1069 3559 μὲνὶοὖν
1085 3466 1162 3547 Βλη

140 3532 229 3604 εἰσιν]
259 3548 347 3603 comp.
373 3535 408 3600 63
433 3533 487 3588 εἰσι
510 3534 594 3603 PVq.
632 3535 700 3589 Post
723 3535 868 3588 δεδεικται
890 3534 958 3590 add.
984 3536 1025 3591 6:
1058 3535 1107 3608 „ssv
1130 3557 1162 3608 τῳ
