2514 4012
147 216 214 280 430
563 215 752 267 Amnum

147 361 215 425 τῶν
239 354 354 444 ἄκρων
377 346 489 443 ἴσοςῇ
513 358 559 448 τῷ
583 351 650 423 ἀπὸ
674 358 735 422 τοῦ
757 355 878 441 μέσον,
907 360 947 424 oc
969 373 1073 446 τρεῖς
1096 357 1182 450 6916-

147 462 205 549 μοὶ
228 459 402 549 ἀνάλογόν
426 465 521 530 εἰσιν.
559 465 710 529 ἔστωσαν
727 475 817 549 τρεῖς
834 459 991 550 ἀριθμοὶ
1013 465 1182 554 ἀνάλογον

148 572 184 636 ολ
209 578 255 655 A,
275 576 319 656 B,
339 574 380 652 Γ,
410 566 456 648 ὥς
482 565 501 636 6
530 576 562 635 A
589 565 672 657 πρὸς
698 567 759 636 τὸν
783 576 828 653 Β,
856 567 974 650 οὕτως
1002 571 1024 641 6
1052 583 1084 642 Β
1109 575 1181 661 πρὸς

145 677 209 744 τὸν
231 682 268 745 Γ.
314 676 416 763 λέγω,
445 673 497 743 ὅτι
521 672 540 742 6
564 676 600 742 ἐκ
623 679 692 743 τῶν
714 684 764 762 Α,
784 682 816 744 Γ
839 684 917 757 ἴσος
942 680 1024 746 ἐστὶ
1049 685 1100 772 τῷ
1129 680 1181 748 ἀπὸ

111 787 209 851 δτοῦ
232 790 271 852 Β.
315 789 443 850 κείσθω
466 779 531 869 γὰρ
554 786 600 874 τῷ
624 789 653 850 Β
677 791 750 862 ἴσος
773 779 791 851 6
816 791 858 850 A.
909 788 1014 854 ἔστιν
1047 785 1119 875 ἄρα
1147 785 1182 868 ὥς

147 887 165 957 6
189 898 222 957 A
244 889 329 978 πρὸς
350 888 412 957 τὸν
435 896 475 974 Β,
499 888 606 968 οὕτως
630 889 648 956 6
673 897 707 955 A
729 886 812 976 πρὸς
834 887 897 956 τὸν
923 896 963 957 Γ.
1018 891 1040 960 6
1068 893 1137 983 ἄρα
1155 897 1181 962 ἐκ

145 999 214 1063 τῶν
243 1004 289 1081 A,
311 1001 341 1063 Γ
365 1004 437 1074 ἴσος
461 995 529 1062 ἐστὶ
552 998 598 1085 τῷ
623 997 659 1062 ἐκ
681 999 750 1064 τῶν
773 1001 817 1081 Β,
838 1002 878 1061 A.
930 993 1023 1066 ὅδὲ
1057 1002 1096 1068 ἐκ
1123 1004 1181 1068 τῶν

146 1107 191 1183 Β,
212 1108 244 1166 A
267 1109 340 1180 ἴσος
363 1101 432 1168 ἐστὶ
454 1104 500 1194 τῷ
524 1097 589 1168 ἀπὸ
612 1104 675 1168 τοῦ
698 1108 740 1168 Β·
770 1110 841 1181 ἴσος
867 1098 937 1189 γὰρ
968 1102 989 1170 6
1019 1113 1054 1172 B
1080 1112 1129 1199 τῷ
1146 1114 1180 1173 A.

147 1207 165 1275 6
190 1206 255 1295 ἄρα
279 1210 314 1275 ἐκ
335 1212 405 1276 τῶν
429 1215 475 1293 A,
496 1213 528 1274 Γ
546 1215 619 1287 ἶσος
641 1213 686 1299 τῷ
711 1205 775 1276 ἀπὸ
798 1212 860 1276 τοῦ
883 1215 923 1276 Β.

93 1324 127 1373 10
210 1312 307 1380 Ἀλλά
336 1315 378 1400 δὴ
408 1313 424 1381 ἱ.
457 1316 492 1381 ἐκ
520 1317 587 1382 τῶν
615 1322 661 1398 A,
680 1320 713 1383 Γ
736 1323 808 1393 ἴσος
836 1319 920 1382 ἔστω
945 1318 997 1406 τῷ
1025 1314 1179 1387 ἀπὸτοῦ

145 1427 183 1487 Β.
228 1421 329 1504 λέγω,
358 1420 410 1487 ὅτι
438 1419 529 1487 ἐστὶν
557 1417 603 1499 ὥς
631 1420 648 1488 6
678 1431 711 1487 Α
721 1418 819 1507 ’πρὸς
846 1419 909 1488 τὸν
938 1429 986 1507 Β,
1021 1422 1138 1506 οὕτως
1164 1422 1178 1492 6

145 1533 173 1593 Β
201 1524 285 1612 πρὸς
311 1527 371 1594 τὸν
398 1531 434 1593 Γ.
481 1525 550 1594 ἐπεὶ
577 1524 643 1613 γὰρ
673 1524 690 1594 6
721 1529 757 1594 ἐκ
782 1530 851 1594 τῶν
874 1536 921 1611 A,
942 1533 977 1594 Γ
999 1537 1083 1611 ἶσος
1114 1531 1178 1600 ἐστὶ

144 1637 190 1726 τῷ
215 1630 280 1700 ἀπὸ
304 1637 366 1700 τοῦ
390 1640 434 1719 Β,
459 1629 477 1700 6
502 1631 540 1700 δὲ
564 1629 629 1700 ἀπὸ
657 1637 719 1701 τοῦ
748 1640 776 1700 Β
806 1641 878 1712 ἴσος
900 1636 949 1722 τῷ
979 1634 1056 1705 ὑπὸ
1087 1643 1177 1724 [τῶν]

145 1746 188 1825 Β,
212 1747 261 1825 A,
289 1744 380 1807 ἔστιν
408 1737 474 1825 ἄρα
504 1739 549 1818 ὥς
577 1739 595 1808 6
626 1748 658 1807 A
684 1737 768 1829 πρὸς
795 1736 855 1807 τὸν
878 1745 923 1824 Β,
954 1742 1076 1823 οὕτως
1106 1746 1124 1815 6
1149 1753 1178 1812 A

92 1863 125 1912 15
144 1845 229 1933 πρὸς
256 1844 317 1913 τὸν
344 1852 381 1913 Γ.
428 1854 500 1925 ἴσος
527 1846 565 1913 δὲ
593 1844 611 1915 6
641 1854 669 1914 Β
696 1849 742 1939 τῷ
771 1854 812 1912 A.
859 1851 951 1914 ἔστιν
979 1845 1056 1935 ἄρα
1089 1852 1135 1931 ὥς
1161 1848 1178 1919 ὁ

145 1961 177 2019 Α
204 1951 288 2037 πρὸς
316 1951 378 2020 τὸν
406 1959 450 2038 Β,
479 1949 586 2033 οὕτως
613 1949 631 2020 6
659 1960 689 2020 B
717 1950 800 2039 πρὸς
827 1949 887 2020 τὸν
914 1959 958 2020 Γ·
987 1954 1081 2045 ὅπερ
1112 1962 1178 2025 ἔδει

145 2061 260 2140 δεῖξαι.

511 2185 620 2270 Uulgo
643 2185 722 2265 VII,
746 2188 797 2251 22.

209 2304 288 2375 Ἐὰν
319 2301 381 2376 οἶσι
409 2321 497 2394 τρεῖς
520 2305 661 2394 ἀριθμοὶ
685 2308 740 2375 καὶ
769 2305 865 2375 ἄλλοι
889 2306 1005 2387 αὐτοῖς
1034 2319 1109 2379 ἴσοι
1137 2311 1174 2380 τὸ

90 2431 124 2480 20
144 2417 275 2498 πλῆθος
303 2413 432 2481 σύνδυο
461 2413 711 2501 λαμβανόμενοι
738 2416 794 2482 καὶ
818 2417 922 2507 ἐντῷ
948 2412 1044 2505 αὐτῷ
1071 2418 1174 2508 λόγῳ,

143 2510 164 2604 ᾖ
189 2518 227 2586 δὲ
249 2522 474 2608 τεταραγμένη
500 2518 612 2588 αὐτῶν
636 2521 656 2608 ἡ
681 2519 854 2609 ολναλογιά,
878 2521 932 2588 καὶ
958 2516 1004 2588 δι’
1030 2531 1115 2591 ἴσον
1134 2529 1172 2592 ἐν

142 2629 188 2717 τῷ
213 2624 302 2719 αὐτῷ
326 2627 416 2720 λόγῳ
442 2633 585 2709 ἔσονται.

200 2730 375 2800 Ἔστωσαν
408 2748 496 2822 τρεῖς
528 2732 670 2821 ἀριθμοὶ
703 2739 738 2802 ολ
769 2745 814 2819 A,
843 2742 886 2819 B,
917 2739 948 2801 Γ
975 2735 1032 2801 καὶ
1071 2735 1170 2805 ἄλλοι

143 2833 258 2918 αὐτοῖς
280 2847 348 2907 ἴσοι
372 2839 410 2907 τὸ
435 2849 566 2926 πλῆθος
590 2843 624 2907 ολ
646 2849 694 2925 A,
712 2848 757 2926 E,
778 2849 804 2907 Z
835 2840 964 2908 σύνδυο
989 2843 1165 2926 λαμβανό-

88 2961 122 3009 25
142 2969 237 3028 μενοι
262 2948 298 3012 ἐν
321 2950 367 3037 τῷ
392 2943 483 3038 αὐτῷ
507 2945 607 3038 λόγῳ,
632 2952 715 3014 ἔστω
740 2947 777 3014 δὲ
795 2947 1020 3032 τεταραγμένη
1050 2946 1167 3017 αὐτῶν

141 3046 161 3135 ἡ
196 3052 374 3137 ἀναλογία,
409 3050 453 3131 ὡς
481 3051 542 3139 μὲν
572 3050 589 3121 6
619 3063 650 3120 A
678 3053 763 3139 πρὸς
790 3051 850 3120 τὸν
873 3060 918 3136 Β,
948 3049 1059 3130 οὕτως
1090 3056 1108 3122 6
1137 3063 1171 3122 Β

141 3157 225 3244 πρὸς
246 3156 307 3226 τὸν
332 3167 372 3244 Ζ,
395 3156 439 3237 ὡς
463 3159 501 3227 δὲ
525 3159 542 3227 6
567 3166 595 3226 Β
619 3158 703 3245 πρὸς
721 3159 782 3226 τὸν
802 3165 839 3244 Γ,
859 3157 965 3236 οὕτως
986 3156 1003 3224 6
1025 3170 1060 3224 A
1081 3160 1167 3246 πρὸς

140 3261 202 3329 τὸν
228 3271 267 3333 Β.
312 3266 415 3350 λέγω,
445 3265 496 3333 ὅτι
524 3266 580 3332 καὶ
609 3263 654 3332 δι’
686 3275 761 3333 λ’σου
791 3265 881 3332 ἐστὶν
909 3263 952 3343 ὡς
976 3263 994 3331 6
1021 3276 1055 3331 A
1080 3266 1168 3353 πρὸς

139 3365 199 3435 τὸν
225 3373 267 3453 Γ,
293 3367 398 3449 οὕτως
422 3367 439 3437 6
463 3378 502 3461 A
520 3371 602 3460 πρὸς
625 3370 686 3440 τὸν
711 3378 746 3438 Ζ.

212 3551 234 3600 2.
256 3545 286 3600 οἱ
301 3553 376 3616 τρεῖς
396 3547 456 3602 FV.
495 3543 631 3618 ἀνάλογοι
649 3568 675 3620 p.
759 3556 783 3602 3.
803 3543 991 3618 ολ]ὁΒΒλλ.
1085 3545 1166 3622 6B]
