2514 4012
144 190 207 255 185
520 192 722 245 moneam
740 187 774 257 ς’.

209 332 258 416 [ι’.
282 331 523 421 Περισσάκις
556 329 691 422 άρτιός
719 336 827 401 ἐστιν
857 331 874 403 ὁ
902 331 967 402 ὑπὸ
999 340 1165 421 περισσοῦ

143 435 294 526 άριθμού
318 439 541 525 μετρούμενος
563 437 646 506 κατά
670 437 788 526 ἄρτιον
811 437 986 528 άριθμόν].

208 543 265 611 ια’.
289 545 535 631 Περισσάκις
567 545 605 613 <ll
635 545 824 633 περισσὸς
861 543 1040 633 άριθμύς
1071 551 1167 619 ἐστιν

142 647 160 719 ὁ
184 648 250 720 ὑπὸ
273 656 435 740 περισσοῦ
458 648 610 739 άριθμού
633 653 856 738 μετρούμενος
884 652 966 719 κατὰ
998 656 1166 743 περισσὸν

108 754 300 846 5άριθμάν.

209 864 266 950 ιβ’.
289 869 456 953 Προῖτος
484 862 656 954 άριθμός
680 864 811 934 ἐστινὸ
841 865 966 952 μονάδι
992 866 1087 957 μόνῃ
1112 893 1167 955 με·

141 974 333 1060 τρούμενος.

208 1078 265 1164 ιγ’.
288 1081 448 1167 Πρῶτοι
472 1076 568 1165 πρὸς
596 1075 793 1166 άλλήλους
821 1077 995 1167 άριθμοί
1016 1083 1109 1148 εἰσιν
1134 1084 1167 1149 ολ

143 1184 266 1271 μονάθι
290 1183 385 1273 μόνῃ·
401 1184 619 1272 μετρούμενοι
643 1191 745 1278 κοινῷ
770 1187 886 1278 με’τρῳ.
1111 1226 1114 1231 -

90 1310 122 1358 10
209 1290 265 1360 ιδ’.
290 1290 497 1370 Σύνθετος
533 1288 707 1379 άριθμάς
744 1294 834 1360 ἐστιν
869 1289 886 1360 ὅ
921 1290 1062 1384 άριθμῷ
1097 1321 1163 1363 τινι

141 1396 373 1486 μετρούμενος.

209 1503 261 1571 ιε’.
285 1502 489 1571 Σύνθετοι
509 1502 547 1570 <ll
565 1501 661 1591 πρὸς
676 1503 873 1590 ἀλλήλους
887 1501 1064 1591 άριθμοί
1077 1510 1164 1575 εἰσιν

144 1613 179 1678 ολ
199 1607 334 1701 άριθμῷ
358 1635 424 1677 τινι
448 1609 667 1696 μετρούμενοι
690 1613 794 1702 κοινῷ
818 1611 934 1700 μέτρῳ.

209 1715 264 1787 ις’.
284 1713 471 1803 Ἀριθμὸς
494 1713 670 1801 άριθμὸν
689 1716 1054 1798 πολλαπλασιάζειν
1074 1719 1164 1806 λέγε-

91 1836 123 1887 15
141 1848 210 1907 ται,
239 1820 335 1908 ὅταν,
365 1819 441 1890 ὅσαι
472 1821 558 1889 salv
586 1823 623 1889 ἑν
652 1817 742 1914 αύτῷ
771 1821 930 1909 μονάδες,
961 1825 1164 1906 τοσαυτάκις

143 1932 290 2017 συντεθῇ
314 1926 332 1997 ὁ
357 1927 740 2014 πολλαπλασιαζόμενος,
763 1928 818 1995 καὶ
842 1928 980 2014 γένηταί
1000 1955 1061 2010 τις.

208 2035 259 2117 ιζ’.
274 2035 376 2103 Ὅταν
396 2033 433 2101 δὲ
452 2032 515 2100 δύο
535 2029 677 2120 άριθμολ
696 2035 1048 2116 πολλαπλασιάσαντες
1063 2033 1163 2125 άλλή-

143 2147 223 2220 λους
254 2145 378 2208 ποιῶσί
402 2167 492 2223 τινα,
527 2136 544 2208 ὁ
576 2137 756 2225 γενόμενος
789 2142 974 2220 ἐπίπεδος
1002 2149 1161 2225 καλεῖται,

144 2247 311 2334 πλευραὶ
344 2246 382 2314 δὲ
415 2243 519 2314 αὐτού
550 2248 584 2313 ολ
615 2245 964 2326 πολλαπλασιάσαντες
992 2247 1161 2335 ἀλλήλους

89 2369 122 2418 20
142 2350 290 2441 άριθμοί.

209 2459 266 2546 ιη’.
282 2457 382 2526 Ὅταν
420 2458 458 2526 (ll
493 2471 582 2547 τρεῖς
625 2455 767 2546 άριθμολ
809 2459 1161 2541 πολλαπλασιάσαντες

143 2562 307 2651 άλλήλους
336 2569 460 2632 ποιοῑσί
484 2591 575 2650 τινα,
605 2561 623 2631 ὁ
659 2564 840 2651 γενόμενος
869 2564 1028 2652 στερεός
1057 2568 1159 2652 ἐστιν,

142 2671 309 2760 πλευραὶ
343 2671 380 2739 (ll
412 2668 517 2739 αὐτοῦ
550 2674 585 2739 ολ
615 2670 964 2750 πολλαπλασιάσαντες
992 2667 1160 2759 άλλήλονς

142 2779 306 2866 ἀριθμοί.

215 2998 257 3046 12
276 2988 493 3057 Iambliehuap.
509 2995 551 3042 42.
580 2990 664 3044 Marl'
644 2992 737 3044 llanua
753 2987 869 3060 Capella
883 2989 942 3056 Vll,
960 2995 1019 3046 751.
1048 2991 1158 3062 Philop.

143 3063 172 3117 in
195 3063 267 3117 anal.
296 3064 367 3132 post
391 3058 440 3114 fol.
466 3064 527 3113 151.
574 3066 616 3115 13.
640 3059 798 3115 Alexander
822 3060 866 3129 Ap
867 3061 1001 3115 hrod.1n
1025 3062 1100 3119 anal.
1120 3080 1160 3132 pr

143 3133 192 3188 fol.
217 3140 258 3188 87.
296 3130 449 3187 Martianus
474 3129 589 3200 Capella
612 3130 676 3199 VII,
702 3137 760 3186 751
802 3079 944 3201 Phiplopss
936 3150 965 3184 m
989 3132 1062 3187 anal.
1089 3135 1160 3205 post.

143 3204 191 3258 fol
213 3210 275 3259 151.
314 3210 355 3258 14
375 3201 513 3270 Philop'
505 3221 535 3256 m
553 3203 625 3256 anal.
646 3205 718 3272 post.
738 3203 786 3257 fol.
808 3209 871 3258 151.
910 3208 976 3256 16-
982 3207 1023 3257 17.
1051 3190 1162 3259 ΡεοΙΙύε

144 3293 170 3344 p
191 3281 215 3331 6.
254 3279 366 3329 18-20.
386 3272 539 3342 Paellusp.
560 3279 583 3327 7

216 3460 239 3508 1.
259 3451 291 3507 δὲ
310 3447 451 3520 άρτιοςΡ,
469 3444 558 3506 lita*
523 3469 603 3538 αρτ·
617 3449 647 3503 in
666 3465 718 3502 raa
757 3444 1035 3535 άρτιοςάριθμόςμ,Ι
1074 3469 1160 3536 προσ-

144 3522 351 3578 νπακουστέον·
381 3523 441 3576 καί
463 3517 533 3576 κατὰ
558 3517 655 3589 άρτιον
679 3538 734 3589 mg.
759 3539 796 3574 m
823 3521 885 3575 lP.
973 3526 997 3574 3.
1017 3515 1158 3593 ἀριθμός]
