2514 4012
526 195 736 247 PRAEFATIO.
1084 194 1136 243 VII

117 347 180 428 est,
204 344 375 428 plerosque
399 361 513 406 omnes
535 339 661 405 codices
680 359 697 402 e
716 337 904 404 recensione
918 335 1061 401 Theonis
1079 334 1137 399 fiu-

119 449 216 534 xisse,
238 451 271 513 et
294 445 491 513 Uaticanum
515 444 673 530 Peyrardi
696 444 803 509 solum
825 443 893 507 fere
917 443 1135 528 antiquiorem

124 554 260 620 formam
289 573 445 619 seruasse.
492 572 588 637 quem
610 551 755 617 fructum
779 571 817 615 ex
839 549 902 615 hoc
925 570 1003 614 oasu
1026 550 1135 635 singu-

127 659 187 724 Iari
208 681 321 745 capere
345 659 449 742 liceat,
473 663 506 724 et
529 680 628 744 quam
650 658 813 724 rationem
838 656 965 722 critices
982 655 1136 720 factitan-

134 764 186 830 dae
206 766 279 831 inde
304 765 396 850 sequi
420 767 545 848 putem,
567 764 717 850 pluribus
742 762 876 848 exposui
898 761 933 825 in
955 761 1053 845 libro,
1083 761 1139 847 qui

137 869 311 937 inscribitur
335 870 470 936 Studien
493 870 574 935 eber
587 870 708 935 Euhlid
731 892 762 953 p.
780 870 840 933 177
853 890 900 953 sq.
923 866 985 933 hoc
1008 866 1139 952 quidem

141 978 237 1042 stetim
260 977 421 1063 adparuit,
444 976 585 1061 primum
609 977 755 1042 omnium
779 974 922 1040 codicem
935 971 1141 1057 Uaticanum,

143 1103 157 1146 e
180 1104 236 1167 quo
259 1082 441 1169 Peyrardus
470 1104 508 1148 ea
532 1083 603 1148 sola
626 1085 835 1165 enotauerat,
863 1101 945 1166 quae
968 1080 998 1145 ei
1021 1100 1141 1145 memo·

143 1187 242 1254 rabilia
264 1188 476 1271 uidebantur,
506 1188 654 1272 quamuis
677 1189 747 1272 ipse
771 1187 866 1252 ahter
888 1187 1065 1271 praedicet,
1089 1186 1142 1251 de·

143 1315 197 1359 nuo
219 1295 389 1380 diligenter
416 1315 486 1358 essa
510 1293 740 1359 conferendum
764 1297 797 1358 et
819 1294 987 1378 praeterea
1010 1313 1049 1356 ex
1071 1293 1143 1357 reli·

143 1400 204 1484 quis
226 1400 387 1467 codicibus
414 1402 545 1465 tantum
566 1420 751 1480 numerum,
780 1402 816 1464 ut
839 1399 907 1465 ueri
932 1399 1081 1464 similiter
1104 1397 1142 1462 de

141 1507 289 1590 scriptura
311 1502 454 1571 Theonis
478 1505 615 1571 indicari
637 1508 758 1591 posset
804 1526 869 1590 qua
896 1506 931 1569 in
958 1527 993 1570 re
1016 1505 1142 1571 codices

138 1609 355 1696 Bodleianum,
382 1611 652 1696 Laurentianum,
681 1610 970 1676 Uindobonensem
994 1610 1141 1676 sufficere

136 1718 253 1802 putaui,
274 1717 466 1803 praesertim
489 1739 562 1783 cum
585 1717 886 1801 animaduerterem,
909 1738 965 1782 eos
988 1739 1008 1782 a
1026 1717 1141 1801 palim-

133 1827 240 1908 psesto
262 1824 371 1890 codice
394 1823 519 1889 saeculi
532 1821 597 1888 VII
619 1823 672 1888 uel
686 1822 784 1907 VIII,
806 1822 862 1907 qui
884 1823 921 1887 in
942 1821 1054 1887 Museo
1075 1821 1144 1888 Bri-

133 1930 261 1996 tannico
286 1930 489 2012 adseruatur,
511 1949 578 1994 non
601 1929 774 1994 admodum
794 1929 985 2014 discrepare.
1014 1929 1076 1995 hos
1095 1951 1146 1995 oo-

131 2035 217 2100 dices
245 2058 305 2122 pro
333 2035 546 2101 fundamento
570 2034 685 2120 habui,
718 2035 774 2100 sed
798 2033 839 2100 ad
862 2055 916 2100 eos
940 2035 976 2099 in
998 2036 1146 2120 partibus

131 2141 326 2226 quibusdam
350 2142 456 2227 operis
481 2142 539 2207 alii
563 2141 772 2207 adcesserunt
795 2145 841 2225 et,
863 2145 900 2206 ut
923 2163 1030 2226 spero,
1055 2141 1145 2207 adce-

129 2247 221 2330 dent,
251 2249 342 2312 uelut
364 2248 400 2312 in
422 2248 485 2313 hoc
509 2249 614 2332 primo
637 2247 802 2313 uolumine
825 2246 993 2313 Parisinus
1017 2248 1148 2333 quidam

129 2357 162 2417 et
190 2353 225 2416 in
254 2354 359 2438 primo
389 2354 473 2419 libro
497 2352 720 2419 Bononiensis.
765 2354 852 2419 hunc
876 2375 917 2419 ne
940 2358 1047 2420 totum
1072 2376 1147 2419 con-

128 2459 257 2543 ferrem,
277 2459 514 2542 prohibuerunt
527 2460 683 2544 temporis
699 2460 880 2545 angustiae,
899 2461 954 2526 sed
974 2482 1047 2544 spes
1067 2461 1147 2524 mihi

130 2570 193 2650 est,
221 2588 273 2631 me
301 2565 394 2631 breui
422 2571 551 2653 partem
579 2567 736 2651 reliquam
760 2567 905 2632 conferre
928 2589 1037 2652 posse;
1071 2589 1147 2631 nam

130 2672 165 2735 in
199 2671 292 2736 libris
324 2674 575 2738 stereometricis
606 2673 659 2738 hio
692 2672 793 2738 codex
825 2673 959 2738 maximi
992 2674 1150 2739 momenti

130 2781 196 2843 est.
251 2778 291 2843 de
323 2780 438 2843 ceteris
471 2779 624 2845 subsidiis
658 2779 767 2862 nouis,
801 2780 885 2844 sicut
916 2780 955 2845 de
986 2780 1149 2845 codicibus

131 2904 268 2967 operum
291 2884 466 2967 minorum,
495 2884 530 2947 in
552 2884 808 2969 praefationibus
833 2886 1036 2969 singulorum
1059 2885 1151 2950 uolu-

130 2990 259 3053 minum
284 2989 414 3056 dicetur.

201 3093 368 3160 Confiteor
396 3097 496 3180 igitur
524 3097 592 3161 fieri
614 3119 724 3182 posse,
752 3101 790 3163 ut
812 3099 897 3163 inter
919 3097 1044 3163 codices
1067 3120 1147 3169 nou-

133 3200 211 3265 dum
246 3200 384 3266 collatos
418 3203 521 3268 late'at
553 3202 725 3268 thesaurus
760 3204 876 3289 aliquis
911 3202 1029 3290 (neque
1066 3205 1151 3269 enim

132 3328 248 3371 omnes
278 3308 473 3373 recentiores
504 3312 580 3374 sunt
606 3331 666 3375 nec
695 3310 890 3375 recentiores
915 3333 1042 3395 semper
1067 3332 1152 3396 sper·

133 3411 261 3499 nendi),
286 3413 342 3498 qui
360 3436 433 3478 mea
452 3414 598 3480 subsidia
616 3417 667 3480 uel
689 3421 805 3501 aequet
824 3417 878 3481 uel
897 3417 995 3482 etiam
1015 3423 1152 3502 superet.

134 3518 193 3583 sed
218 3541 291 3584 cum
315 3540 379 3583 non
403 3520 543 3585 maxime
568 3521 611 3586 sit
628 3524 698 3588 ueri
717 3522 831 3608 simile,
855 3524 944 3608 haec,
967 3525 1153 3609 qualiacun-
