2514 4012
498 1040 540 1125 Π,
563 1041 595 1106 4.

465 1163 634 1246 Aliter.¹)

146 1312 196 1376 eo,
219 1311 289 1356 esse
302 1286 383 1357 AB²
455 1285 538 1354 Ar²
554 1292 594 1371 -l-
611 1286 687 1355 FB'
703 1294 743 1373 †
759 1292 780 1357 2
796 1294 865 1357 ΑΓ
875 1306 919 1361 ><
934 1294 1005 1358 ΓΒ.

144 1419 181 1463 nr
199 1396 235 1462 in
254 1397 366 1462 eadem
383 1397 489 1483 figura
505 1397 549 1480 [p.
561 1397 650 1482 laq,
669 1396 822 1483 quoniam
837 1402 903 1465 BA
918 1428 960 1453 ε
976 1404 1055 1482 ΑΔ,

142 1505 218 1571 siam
235 1507 372 1581 [ΑΒΔ
386 1533 428 1557 =
442 1509 475 1567 A
481 1506 546 1568 AB
572 1500 609 1591 [1,
619 1504 663 1584 5].
686 1509 720 1569 et
738 1505 893 1589 quoniam
912 1505 1054 1572 ouiusuis

139 1611 192 1697 ‚uli
209 1614 277 1676 tres
296 1610 409 1696 anguli
427 1609 552 1676 duobus
571 1611 668 1676 rectis
683 1611 836 1696 aequales
851 1616 937 1697 sunt,
957 1614 1053 1677 erunt

138 1717 241 1805 anguli
264 1716 422 1804 trianguli
444 1721 477 1782 Α
484 1720 563 1802 ΔΒ,
586 1717 710 1782 scilieet

314 1829 346 1889 A
352 1828 418 1889 AB
435 1826 475 1905 -Ι-
491 1828 597 1890 ΒΑΔ
613 1827 653 1906 -Ι-
670 1827 773 1889 ΔΒΑ

134 1953 165 1996 aa
188 1931 285 1998 raetis
310 1931 462 2017 aequales
488 1929 526 2014 [1,
549 1930 616 2011 32].
647 1952 760 1996 uerum
783 1934 924 2007 [ΒΑΔ
945 1934 1053 1996 rectus

135 2037 246 2123 itaque
270 2037 385 2122 reliqui
408 2039 514 2101 ΑΒΔ
529 2037 569 2118 -Ι-
585 2038 690 2100 ΑΔΒ
714 2037 772 2101 uni
794 2039 884 2103 reato
903 2037 1053 2121 aequales

145 2148 178 2209 et
200 2145 286 2209 inter
309 2165 343 2208 se
367 2143 516 2228 aequales
541 2144 625 2207 sunt.
655 2142 764 2227 itaque
783 2146 920 2227 uterque
938 2146 1004 2208 AB
1012 2149 1055 2213 A,

128 2254 141 2314 Β
165 2249 318 2315 dimidius
342 2255 392 2314 est
415 2249 503 2314 reoti.
544 2251 650 2312 rectus
673 2252 782 2313 autem
805 2250 945 2325 [ΒΓΗ.
977 2271 1054 2314 nam

126 2356 182 2421 alis
211 2359 262 2421 est
291 2354 454 2441 opposite,
488 2356 517 2419 ei
548 2354 604 2438 qui
627 2352 667 2418 ad
690 2360 723 2418 A
744 2355 871 2439 positus
895 2359 945 2420 est
969 2358 1054 2436 [tum

128 2463 196 2543 31].
242 2462 351 2547 itaque
380 2461 523 2546 reliquus
552 2462 690 2536 [ΓΗΒ
719 2459 869 2525 dimidius
898 2464 949 2525 est
972 2462 1053 2527 reoti

121 2570 167 2650 2].
212 2569 321 2652 itaque
345 2570 482 2642 [ΓΗΒ
497 2597 540 2620 ==
556 2569 666 2632 ΓΒΗ.
714 2587 812 2650 quare
837 2567 936 2630 etiam

378 2675 446 2738 ΒΓ
456 2704 498 2726 --
514 2675 586 2738 ΓΗ
607 2671 645 2752 [1,
669 2672 713 2753 6].

116 2853 135 2920 l)
155 2849 233 2905 Haeo
253 2849 454 2903 demonstratio
473 2864 574 2917 parum
593 2845 685 2901 differt
702 2863 720 2901 a
738 2846 873 2917 genuina3
893 2863 958 2902 nam
972 2863 1051 2917 prae·

115 2919 218 2976 uitium
243 2919 504 2986 demonstrationis,
532 2935 589 2987 qua
611 2918 779 2986 ostenditur,
810 2920 866 2971 ΓΚ
883 2918 1049 2986 quadratum

125 2994 220 3048 cetera
238 2992 345 3046 eadem.

108 3222 233 3347 111ΒΑΔ
251 3223 307 3293 Pp
361 3229 401 3276 11
422 3217 768 3306 scoqnonliquetinll.
823 3220 875 3273 καί
862 3217 963 3274 iuvate
979 3220 1037 3274 loeta

133 3335 139 3347 .
215 3300 256 3348 12
273 3298 362 3359 ΑΔΒ
382 3297 509 3361 ΑΒΔρ.
584 3297 625 3345 13.
646 3285 773 3344 olonnam
740 3291 862 3360 νί.αςρ
938 3295 1035 3345 14.τω

105 3381 211 3420 exto
204 3359 265 3419 V.
348 3370 389 3418 15.
411 3364 511 3433 ΓΒΗ]
533 3359 666 3428 ΓΗΒΡ,
685 3360 839 3429 Feoorr„
857 3347 1050 3429 Vaedeor'r„

119 3435 221 3506 γωναί]
243 3451 295 3490 orn.
315 3454 343 3506 p
409 3441 450 3490 16.
472 3432 620 3504 ΓΗΒ]Β,
640 3431 759 3499 Feras,
778 3431 892 3488 Vcorr.
912 3449 945 3488 ex
969 3437 1051 3487 ΓΒΗ

109 3507 295 3576 mraupp
368 3500 437 3560 άάιι
419 3523 483 3574 aa
