2514 4012
331 214 606 266 uoruuuroruru
623 214 733 264 meur
750 214 797 266 rx.
1011 209 1078 276 393

517 391 621 457 XXII.

128 495 163 564 si
185 497 348 583 quotlibet
365 498 492 563 numeri
511 499 653 584 impares
673 500 922 583 componuntur,
941 501 973 562 et
995 499 1077 564 mul-

63 605 170 670 titudo
195 625 308 670 eorum
331 627 392 689 per
415 609 473 689 est,
495 608 584 670 totus
608 627 669 688 per
693 605 762 670 erit.

127 709 377 796 Componantur
404 711 490 776 enim
519 712 680 797 quotlibet
707 713 833 777 numeri
856 713 996 795 impares
1019 734 1076 777 uu-

60 839 149 882 mero
177 839 272 901 pares
301 822 376 903 AB,
399 821 471 903 ΒΓ,
492 821 566 903 ΓΔ,
585 822 662 883 ΔΕ.
700 818 785 901 dico,
808 819 915 883 totum'
935 821 1003 882 ΑΕ
1023 840 1078 902 pa·

58 945 127 988 rem
152 945 230 990 esso.

275 1050 297 1098 A
405 1048 427 1098 Β
519 1047 546 1096 Γ
650 1050 677 1098 Δ
821 1047 846 1098 Ε

275 1132 832 1172 r—e-——r-—r———r

126 1264 204 1307 nem
232 1242 385 1327 quoniam
415 1239 536 1327 singuli
562 1241 690 1306 numeri
713 1246 793 1326 AB,
815 1243 887 1326 ΒΓ,
910 1244 986 1326 ΓΔ,
1009 1247 1081 1308 ΔΕ

64 1349 205 1432 imperes
230 1352 318 1434 sunt,
346 1348 472 1422 unitate
496 1370 515 1412 a
539 1348 677 1432 singulis
701 1349 881 1432 subtracta,
904 1349 959 1433 qui
983 1350 1079 1414 relin-

63 1458 214 1539 quuntur,
238 1454 360 1540 singuli
381 1476 476 1538 pares
501 1456 595 1519 erunt
615 1453 693 1536 [VII
707 1454 768 1519 def.
785 1456 826 1535 7].
860 1475 958 1539 quare
977 1455 1078 1520 etiam

60 1583 214 1626 numerus
239 1561 340 1626 exiis
364 1561 563 1644 compositus
586 1561 733 1646 pererit
757 1563 861 1645 [prop.
876 1560 980 1644 XXII
1021 1583 1077 1626 ue·

60 1689 132 1731 rum
160 1666 259 1731 etiem
286 1666 462 1731 multitudo
491 1666 655 1731 unitatum
682 1689 742 1750 par
774 1671 831 1732 est.
878 1687 954 1752 ergo
979 1668 1078 1733 etiem

30 1792 35 1799 ·
63 1776 152 1838 totus
174 1777 244 1837 ΑΕ
265 1794 325 1855 par
348 1775 398 1837 est
422 1773 508 1856 [id.];
533 1772 713 1857 quoderat
737 1773 1032 1839 demonstrandum.

509 1965 633 2032 XXIII.

131 2071 166 2139 si
186 2073 349 2158 quotlibet
366 2073 494 2139 numeri
512 2072 654 2158 impares
674 2077 921 2158 componuntur,
945 2077 978 2138 et
995 2075 1078 2139 mul-

64 2181 171 2248 titudo
196 2202 308 2246 eorum
330 2180 436 2264 impar
459 2183 517 2262 eet,
541 2179 638 2244 etiarn
662 2182 753 2245 totus
776 2179 884 2264 imper
907 2180 979 2246 erit.

128 2286 375 2371 Componentur
394 2286 479 2350 enim
499 2286 661 2371 quotlibet
678 2285 807 2350 numeri
825 2287 975 2372 impares,
1000 2308 1079 2371 quo-

60 2415 132 2458 rum
157 2393 331 2459 multitudo
355 2392 460 2476 impar
484 2393 536 2474 sit,
558 2396 634 2478 ΑΒ,
656 2394 729 2478 ΒΓ,
752 2396 823 2459 ΓΔ.
870 2391 956 2477 dico,
980 2393 1078 2458 etiam

61 2502 168 2565 totum
192 2505 262 2564 ΑΔ
285 2499 444 2582 imparem
468 2520 546 2563 esse.

382 2669 746 2709 l--—l--1-——-l-l

383 2732 405 2779 Α
491 2730 513 2779 Β
561 2729 587 2778 Γ
693 2728 757 2778 ΕΔ

134 2870 346 2936 subtrahatur
374 2873 480 2936 ara
506 2870 616 2935 unitas
640 2874 716 2936 ΔΕ.
761 2870 872 2954 itaque
900 2869 956 2953 qui
982 2869 1081 2934 relin-

64 2978 181 3063 quitur,
204 2981 269 3042 ΓΕ
299 3001 359 3064 par
389 2982 439 3043 est
470 2975 549 3059 [VII
573 2976 634 3042 def.
658 2979 702 3059 7].
748 2997 862 3040 uerum
895 2974 992 3040 etiam
1020 2977 1081 3039 ΓΑ

63 3106 122 3168 per
146 3088 196 3148 est
221 3086 325 3168 [prop.
344 3083 462 3166 XXII].
504 3104 604 3169 quare
628 3083 725 3147 etiam
748 3085 838 3148 totus
857 3084 926 3146 ΑΕ
946 3103 1007 3164 par
1030 3084 1080 3146 est

63 3192 170 3274 [prop.
188 3188 292 3270 XXIJ.
330 3212 346 3254 e
381 3195 451 3255 ΔΕ
473 3191 584 3255 unitas
609 3192 668 3254 est.
699 3209 785 3274 ‚ergo
805 3192 878 3252 ΑΔ
900 3187 1007 3271 imper
1031 3189 1081 3251 est

65 3295 144 3378 [VII
168 3295 229 3360 def.
255 3297 302 3382 7]3
326 3297 411 3381 quod
436 3300 506 3361 eret
528 3295 825 3362 demonstrandum.

64 3489 153 3542 comp.
173 3470 209 3538 F3
229 3467 288 3527 ἐστι
306 3471 365 3539 Vq.
434 3467 509 3543 ἐστι]
529 3489 586 3540 seq.
606 3488 660 3526 rus.
682 3476 695 3523 1
715 3470 770 3526 litt
790 3470 824 3539 V,
844 3465 920 3524 ἔστιν
938 3469 969 3523 Β.
1036 3474 1079 3524 24.

62 3539 136 3615 ἄρα]
156 3560 210 3600 om.
231 3561 258 3612 q.
332 3537 404 3612 ὅπερ
424 3541 483 3598 ἔδει
501 3543 613 3613 δεῖξαι]
633 3558 687 3597 om.
705 3539 788 3609 qu.
