2514 4012
187 202 253 269 436
602 203 792 273 Ammon.

187 345 264 434 γάρ,
286 343 361 414 ἀλλ’
389 348 420 414 εἰ
442 343 604 430 δυνατόν,
628 349 711 413 ἔστω
730 350 869 426 διπλοῦς
888 345 906 414 ὁ
926 349 960 412 Γ
975 351 1041 415 τοῦ
1061 354 1103 417 Β.
1144 353 1208 416 ἔστι

188 450 226 520 δὲ
251 454 309 519 κοιλ
332 480 352 521 ο
375 461 408 520 Α
429 456 491 521 τοῦ
515 457 547 520 Γ
564 456 736 540 τριπλοῦς·
763 451 938 540 γενήσεται
962 450 1031 540 ἄρα
1055 456 1116 523 καὶ
1139 455 1158 524 ὁ
1180 464 1209 523 Α

187 561 249 627 τοῦ
272 565 301 627 Β
325 558 496 640 ἑξαπλοῦς.
535 557 708 628 ὑπόκειται
731 558 769 627 δὲ
793 562 943 640 διπλοῦς·
968 557 1054 645 ὅπερ
1077 559 1208 631 ἄτοπον.

188 663 250 733 οῦκ
264 663 331 752 ἄρα
345 669 436 732 ἔσται
451 665 470 734 ὁ
490 671 523 732 Γ
534 669 595 733 τοῦ
614 672 643 734 Β
664 669 811 746 διπλοῦς.
844 665 970 753 ὁμοίως
985 669 1027 754 δὴ
1046 671 1207 757 δείξομεν,

152 769 239 840 οῦτι
268 767 342 839 οὐδ’
373 768 478 838 ἄλλον
510 773 614 858 λόγον
641 776 708 858 ἔχει
735 772 755 842 ὁ
782 779 811 841 Β
839 775 923 861 πρὸς
949 776 1013 843 τὸν
1047 781 1084 843 Γ
1112 774 1206 864 παρὲξ

186 881 249 946 τοῦ
271 877 436 964 ἡμιολίου.
856 879 857 882 “

627 1004 688 1091 IX,
711 1008 763 1072 22.

613 1143 767 1226 Ἄλλως.

247 1266 295 1338 Ἢ
322 1267 377 1336 καὶ
411 1265 530 1348 οὕτως·
563 1269 633 1337 ἐπεὶ
666 1261 730 1339 οῦν
767 1269 785 1339 ὁ
818 1276 885 1339 ΑΒ
916 1273 1078 1356 περιττός
1113 1275 1204 1356 ἐστιν,

135 1402 169 1451 10
189 1373 379 1466 ἀφῃρήσθω
403 1371 459 1442 ἀπ’
486 1373 591 1444 αὐτοῦ
614 1376 760 1465 μονὰςὴ
781 1384 857 1445 ΖΒ·
880 1380 999 1459 λοιπὸς
1017 1376 1091 1467 ἄρα
1111 1380 1129 1448 ὁ
1149 1386 1203 1448 AZ

188 1482 302 1574 ῦριιός
329 1485 429 1551 ἐστιν.
474 1482 575 1551 πάλιν
604 1482 673 1552 ἐπεὶ
701 1483 719 1552 ὁ
748 1489 815 1552 ΒΓ
837 1483 987 1574 περιττός
1015 1486 1131 1574 ἐστιν,
1157 1491 1207 1554 καί

189 1594 257 1660 ἐστι
281 1592 387 1677 μονὰς
410 1587 430 1675 ἡ
456 1594 534 1675 ΖΒ,
563 1586 676 1678 ἄρτιος
699 1588 765 1677 ἄρα
794 1590 811 1660 ὁ
837 1598 906 1659 ΖΓ.
952 1597 1022 1659 ἔστι
1050 1592 1091 1661 δὲ
1114 1592 1203 1661 καὶὸ

188 1704 253 1765 ΑΖ
282 1698 404 1784 ἄρτιος.
449 1696 504 1763 καὶ
532 1694 609 1776 ὅλος
636 1695 701 1787 ῦροι
730 1696 748 1765 ὁ
772 1702 841 1765 ΑΓ
864 1695 979 1785 ῦρτιός
1002 1701 1110 1769 ἐστιν.
1156 1701 1203 1768 διὰ

188 1808 228 1870 τὰ
257 1802 342 1871 αὐτοὶ
372 1808 414 1891 δη
442 1803 497 1870 καὶ
522 1802 540 1871 ὁ
564 1808 628 1871 ΓΕ
655 1801 770 1893 ἄρτιός
793 1804 893 1873 ἐστιν.
938 1802 1024 1872 ὥστε
1049 1807 1110 1874 κοιλ
1134 1808 1204 1884 ὅλος

137 1931 170 1980 15
190 1910 208 1979 ὁ
229 1918 301 1978 ΑΒ
321 1908 435 1997 ἄρτιός
459 1911 558 1979 ἐστιν.

261 2130 285 2178 4.
305 2119 379 2196 ἄρα]
399 2144 446 2179 vm
466 2145 495 2194 φ.
548 2123 678 2192 διπλοῦς]
698 2124 829 2191 τριπλοῦς
846 2123 907 2192 Vm.
960 2129 985 2180 ἵ.
1006 2123 1028 2176 F
1049 2127 1128 2182 solus
1147 2128 1203 2196 post

190 2191 278 2263 ἔστιν,
298 2198 363 2250 ante
384 2189 452 2266 ’ὅπερ
472 2216 498 2266 p.
519 2202 578 2263 392,
600 2202 641 2250 13.
715 2200 739 2249 8.
759 2191 863 2266 ἄλλως]
885 2212 938 2250 om.
957 2195 989 2249 F.
