2514 4012
395 221 670 273 murmuroauu
687 222 797 272 amaa
814 221 860 274 ur.
1074 218 1140 285 395

570 399 688 466 XXIV.

189 521 224 589 Si
243 548 262 590 a
280 546 416 590 numero
434 524 507 609 pari
524 546 586 608 par
600 523 815 610 subtrahitur,
832 523 975 610 reliquus
991 547 1051 608 par
1065 526 1137 592 erit.

187 630 273 697 Nam
292 655 312 696 a
330 632 402 716 pari
420 653 553 697 numero
569 635 635 696 AB
654 653 715 716 par
735 630 947 696 subtrahatur
960 634 1032 697 ΒΓ.
1056 630 1137 718 diuo,

121 739 281 824 reliquum
304 741 364 803 ΓΑ
386 759 498 823 parem
523 759 602 803 esse.

186 1097 264 1141 nam
289 1076 442 1159 quoniam
456 1080 521 1141 AB
544 1098 605 1161 par
623 1080 683 1160 est,
705 1081 832 1160 partam
852 1076 1019 1143 dimidiam
1036 1076 1137 1142 habe't

122 1181 201 1264 [VII
225 1181 287 1248 def.
311 1182 355 1264 6].
401 1183 512 1248 eadem
541 1182 580 1248 de
608 1204 706 1248 causa
734 1182 833 1249 etiam
856 1186 923 1251 ΒΓ
940 1187 1068 1268 partam
1091 1182 1136 1247 di-

120 1289 254 1354 midiam
273 1288 381 1354 habet.
418 1311 494 1376 ergo
519 1289 618 1355 etiam
636 1289 780 1376 reliquus
795 1296 827 1355 A
833 1292 865 1354 Γ
882 1312 942 1376 par
963 1293 1025 1375 est3
1051 1290 1136 1375 quod

120 1399 191 1460 erat
213 1395 508 1462 demonstrandum.
597 1397 609 1435 Ψ

578 1555 681 1620 XXV.

187 1678 222 1745 Si
247 1703 266 1746 a
287 1702 419 1746 numero
442 1681 515 1766 pari
536 1681 642 1768 impar
666 1678 883 1766 subtrahitur,
911 1681 1054 1766 reliquus
1077 1681 1136 1745 im·

118 1808 179 1870 par
203 1787 273 1853 erit.

185 1892 271 1958 Nam
304 1915 323 1957 a
351 1895 422 1978 pari
449 1914 584 1958 numero
605 1897 671 1958 AB
698 1893 805 1978 impar
829 1892 1040 1960 subtrahatur
1062 1896 1134 1962 ΒΓ.

119 1999 200 2085 dico,
222 1999 384 2085 reliquum
407 2000 468 2063 ΓΑ
491 2000 650 2083 imparem
673 2019 754 2065 esse.
852 2025 854 2028 ·

438 2155 796 2193 1———1—-1--1

439 2215 461 2262 A
611 2213 638 2264 Γ
671 2214 697 2263 A
787 2214 810 2264 Β

186 2337 358 2403 subtrahat
359 2358 398 2401 ur
425 2336 520 2402 enim
539 2358 558 2400 a
586 2336 655 2400 ΒΓ
677 2335 786 2401 unitas
814 2337 886 2401 ΓΛ.
931 2334 1040 2423 itaque
1068 2340 1137 2403 AB

119 2465 180 2528 par
204 2447 254 2508 est
274 2441 460 2524 [ἮΙὰθΗ
443 2444 485 2523 7].
517 2464 632 2507 uarum
656 2443 754 2507 etiam
773 2446 839 2507 AB
862 2466 923 2528 par
946 2448 1005 2511 est.
1038 2466 1137 2531 quara

119 2550 219 2615 etiam
246 2550 387 2634 reliquus
411 2554 482 2614 AA
509 2570 569 2633 par
593 2552 643 2613 ast
667 2551 771 2634 [prop
789 2548 1005 2632 XXIV].et
972 2553 1098 2617 eunit
1099 2574 1136 2617 as

121 2658 265 2721 estPA.
309 2676 386 2741 ergo
410 2655 672 2739 FArmparest
697 2654 860 2736 [VIIdef.
885 2657 931 2738 7]3
955 2656 1136 2741 quoderat

119 2763 270 2829 demonst
271 2761 417 2828 randum.

567 2903 687 2970 XXVI.

187 3028 221 3095 Si
255 3052 274 3094 a
301 3051 434 3124 numero
462 3028 581 3115 impari
608 3028 714 3112 impar
743 3026 959 3112 subtrahitur,
991 3028 1134 3114 reliquus

119 3160 179 3223 par
202 3137 273 3204 erit.

457 3257 779 3295 ι--ι-ι-ι

456 3316 478 3366 A
609 3317 636 3368 Γ
705 3318 731 3367 A
767 3316 790 3366 Β

187 3439 274 3506 Nam
307 3439 348 3504 ab
380 3438 497 3523 impari
528 3461 664 3506 numero
691 3444 758 3505 AB
790 3439 897 3525 impar
924 3435 1138 3504 subtrahatur

119 3549 189 3612 ΒΓ.
226 3545 307 3630 dico,
329 3545 488 3629 reliquum
511 3548 573 3610 ΓΑ
594 3569 708 3632 parem
731 3567 812 3613 esse.
