2514 4012
386 204 663 258 ELEMENTORUM
679 205 789 257 LIBER
806 206 856 259 III.
1071 203 1138 270 243

188 345 240 414 Sit
261 348 401 414 circulus
416 350 561 432 ΑΒΓΔ,
584 349 760 416 diametrus
784 352 893 415 autem
917 349 986 415 eius
1005 350 1049 415 sit
1066 352 1138 435 ΒΓ,

119 458 269 522 centrum
292 459 401 520 autem
423 458 467 540 E,
493 458 526 519 et
549 456 707 522 ducantur
729 461 810 543 BA,
836 459 916 540 ΑΓ,
943 461 1029 539 ΑΔ,
1061 458 1136 521 ΔΓ.

120 562 208 649 dico,
242 564 399 650 angulum
427 562 461 628 in
484 564 587 628 ΒΑΓ
609 565 812 632 semicirculo
835 564 978 650 positum
1000 565 1142 639 [ΒΑΓ

548 673 673 735 rectum
697 693 783 757 esse,
805 670 860 756 qui
883 673 992 735 eutem
1013 670 1049 734 in
1067 690 1146 756 segc

547 783 658 844 mento
682 781 785 843 ΑΒΓ
804 778 940 862 maiore,
967 797 1065 862 quam
1088 778 1140 840 est

547 884 777 967 semicirculus,
790 884 916 969 positus
930 888 990 969 est,
1009 890 1070 960 LA
1075 885 1143 949 ΒΓ

547 991 707 1057 minorem
741 995 846 1075 recto,
878 991 934 1075 qui
968 994 1075 1056 autem
1102 990 1138 1054 in

548 1102 717 1184 segmento
741 1100 849 1162 ΑΔΓ
871 1098 1009 1180 minore,
1038 1116 1137 1181 quam

549 1209 599 1270 est
641 1204 875 1289 semicirculus,
912 1204 1037 1290 positus
1074 1206 1138 1286 est,

549 1312 692 1387 [ΑΔΓ
710 1311 866 1376 maiorem
887 1314 977 1376 recto
1001 1330 1079 1376 esse.

189 1421 326 1487 ducatur
348 1423 429 1504 ΑΒ,
457 1422 490 1484 et
513 1419 668 1483 educatur
690 1421 758 1482 BA
781 1417 826 1482 ad'
846 1422 882 1482 Z.
928 1423 961 1482 st
983 1416 1139 1503 quoniam

122 1530 335 1611 BE=EA,
357 1525 421 1591 erit
443 1525 543 1591 etiam
566 1527 762 1601 LABE==
777 1527 882 1589 ΒΑΕ
904 1523 1001 1608 [1,5]
1026 1544 1139 1588 rursus

122 1633 278 1721 quoniam
297 1635 362 1698 ΓΕ
374 1661 417 1686 ==
432 1636 508 1716 EA,
531 1631 595 1696 erit
609 1631 709 1696 etiam
723 1636 745 1707 L
759 1632 861 1696 ΑΓΕ
874 1660 915 1684 ==
929 1633 1033 1696 ΓΑΕ.
1060 1648 1139 1714 ergo

122 1748 144 1819 L
159 1742 262 1807 ΒΑΓ
273 1769 315 1794 =
329 1742 433 1806 ΑΒΓ
444 1740 485 1820 -]-
501 1742 608 1804 ΑΓΒ.
654 1759 771 1802 uerum
800 1736 899 1803 etiam
923 1736 1064 1822 angulus
1087 1757 1140 1800 ex·

122 1849 224 1915 terior
236 1847 394 1932 trianguli
408 1847 514 1928 ΑΒΓ,
528 1851 549 1921 [
564 1847 666 1911 ΖΑΓ
676 1873 719 1898 ==
734 1845 836 1910 ΑΒΓ
848 1847 888 1925 -l-
904 1846 1002 1909 ΑΓΒ
1019 1841 1139 1926 [1,32].

120 1957 233 2041 itaque
263 1954 456 2031 [ΒΑΓ-τ
472 1955 579 2017 ΖΑΓ.
633 1955 740 2016 rectus
780 1951 882 2036 igitur
917 1953 968 2015 est
1003 1952 1138 2034 utcmque

123 2062 165 2146 [I,
187 2060 249 2128 def.
271 2061 336 2142 10].
375 2080 452 2146 ergo
476 2058 614 2144 angulus
637 2058 741 2122 ΒΑΓ
758 2057 793 2122 in
815 2056 1017 2122 semicirculo
1039 2058 1144 2122 ΒΑΓ

120 2169 254 2254 positus
278 2170 385 2232 rectus
408 2170 467 2231 est.

192 2278 225 2339 et
243 2273 397 2359 quoniam
416 2273 574 2357 trianguli
589 2271 766 2336 ABPduo
787 2271 899 2356 anguli
914 2273 1020 2352 ΑΒΓ,
1039 2271 1144 2335 ΒΑΓ

123 2382 252 2448 duobus
275 2382 373 2446 rectis
397 2380 539 2445 minores
562 2382 640 2443 sunt
663 2376 705 2461 [Ι,
730 2380 799 2461 17],
823 2381 855 2442 et
877 2379 1015 2453 [ΒΑΓ
1031 2379 1138 2441 rectus

121 2492 186 2573 est,
218 2491 363 2564 [ΑΒΓ
386 2487 493 2552 minor
520 2488 571 2549 est
592 2487 695 2568 rect03
728 2489 761 2549 et
783 2484 818 2548 in
842 2487 1011 2568 segmento
1039 2485 1144 2548 ΑΒΓ

123 2595 258 2678 maiore,
282 2615 380 2678 quam
403 2596 453 2657 est
477 2591 706 2674 semicirculus,
729 2591 856 2676 positus
881 2594 939 2656 est.

190 2705 223 2765 et
253 2699 408 2784 quoniam
435 2699 470 2762 in
499 2698 618 2762 circulo
642 2696 895 2782 quadrilaterum
919 2701 969 2761 est
996 2698 1141 2780 ΑΒΓΔ,

121 2946 222 3016 ΒΑΕ]
234 2944 268 3010 Ρ;
288 2947 368 2998 ΕΒΑ
387 2944 442 3016 Bp,
462 2963 477 3000 e
497 2962 566 3000 corr.
585 2943 646 3001 FV.
739 2951 781 2999 12.
806 2944 872 3016 ΓΕ]
892 2944 926 3009 Ρ;
945 2948 998 2998 ΑΕ
1016 2944 1047 3010 F,
1065 2943 1091 2997 V
1109 2942 1139 2998 in

119 3034 174 3071 ras.
194 3035 230 3070 m.
247 3023 276 3084 23
297 3019 348 3069 EA
366 3015 422 3086 Bp.
509 3016 573 3087 EA]
593 3017 629 3081 P3
650 3019 708 3070 ΕΓ
723 3015 779 3086 Bp,
797 3016 826 3071 in
844 3032 899 3070 ras.
917 3033 954 3070 m.
970 3021 986 3069 2
1004 3015 1066 3070 ΕΓ.

120 3085 197 3143 ἐστίν
216 3085 276 3142 ΡΒ.
360 3087 424 3158 καί]
450 3104 496 3142 om
514 3087 544 3143 P.
617 3090 707 3156 γωνία
730 3084 748 3157 ἡ
771 3087 823 3141 FV
843 3089 939 3157 (supra
957 3089 1046 3155 γωνία
1065 3085 1139 3140 inv

118 3177 174 3214 ras.
194 3160 257 3228 est).
347 3165 388 3212 13.
408 3160 497 3229 ΓΑΕ]
516 3158 547 3212 in
564 3174 618 3212 ras.
638 3177 674 3212 m.
691 3165 706 3212 2
726 3159 759 3217 V.
843 3163 884 3211 15.
904 3158 1001 3228 ΑΒΓ]
1023 3157 1096 3226 (alt.)
1113 3160 1142 3211 Γ

118 3230 149 3284 in
168 3247 223 3285 ras.
242 3248 279 3287 m.
297 3235 313 3283 2
332 3229 365 3283 V.
438 3230 653 3353 ymolcrq’mt
673 3229 707 3283 V.
782 3236 822 3284 16.
843 3229 900 3300 ἴση]
916 3227 1013 3298 (prius)
1029 3234 1092 3283 m.2
1106 3229 1138 3283 Ε.

120 3308 163 3357 11.
184 3304 269 3355 ΑΒΓ
284 3301 314 3355 Ρ.
390 3305 430 3355 18.
452 3297 540 3371 ἐστιν]
588 3299 619 3364 Β,
639 3318 730 3370 comp.
746 3320 775 3370 p3
799 3298 857 3355 ἐστι
875 3299 936 3356 FV.
1010 3306 1052 3357 19.
1072 3296 1138 3371 δύο]

119 3389 205 3443 supra
228 3370 292 3426 add.
316 3369 349 3427 αἱ
371 3391 407 3426 m.
425 3378 438 3426 1
459 3371 488 3427 F.
580 3377 622 3428 20.
643 3375 731 3440 ΑΒΓ,
751 3373 947 3496 ΒΑΓ]ΑΒΓ
962 3371 992 3425 in
1011 3370 1101 3441 spatio
1121 3378 1137 3426 6

118 3443 174 3498 litt.
194 3448 259 3498 m.2
273 3444 302 3499 F.
364 3439 514 3506 ἐλάσσονές
532 3441 593 3500 FV.
654 3449 696 3498 21.
716 3444 814 3515 ΒΑΓ]

861 3443 927 3511 FV3
951 3446 1033 3497 ΒΑΓ
1049 3443 1138 3513 γωνία

118 3514 176 3586 Bp.
252 3511 376 3592 ἐλάσσων
395 3516 428 3572 V.

872 3655 924 3712 16*
