2514 4012
380 200 656 254 ammom
673 202 784 254 unm
802 203 851 255 111
1066 200 1130 269 201

117 361 185 406 uno
207 345 256 426 Δ,
281 345 320 408 Β.
365 346 399 408 et
431 345 578 407 sumatur
605 343 719 410 circuli
745 347 879 411 ΑΒΓΔ
916 349 1064 414 centrum
1090 352 1136 431 Η,

118 448 232 513 circuli
255 452 363 514 autem
386 453 525 515 ΕΒΖΔ
547 454 694 516 centrum
717 455 754 516 Θ.

591 559 701 643 itaque
723 562 812 623 recta
830 562 916 643 Η,Θ
935 561 1135 647 coniungens

547 665 583 729 in
598 668 636 749 Β,
652 671 685 730 Δ
699 665 792 730 οειὰθὲ
806 667 911 750 [prop.
925 665 997 748 ΧΠ.
1039 666 1135 734 cadat

487 755 500 803 ‘¹
548 776 586 837 ut
622 775 773 837 ΒΗΘΔ.
836 776 870 837 et
910 773 1062 858 quoniam
1099 777 1141 838 Η

546 881 704 962 punctum
745 881 891 943 centrum
932 883 982 944 est
1023 880 1134 945 circuli

547 985 694 1068 ΑΒΓΔ,
721 985 784 1049 erit
806 988 880 1049 ΒΗ
890 989 1030 1052 ΗΔ.
1073 987 1135 1051 ita-

547 1113 609 1177 que
637 1095 845 1166 ΒΗ>ΘΔ.
900 1114 1000 1177 quare
1030 1093 1135 1158 multo

547 1199 655 1285 magis
677 1202 788 1273 ΒΘ>
802 1202 879 1264 ΘΔ.

185 1326 297 1370 rursus
330 1307 485 1391 quoniam
516 1310 545 1371 Θ
571 1308 726 1389 punctum
760 1307 906 1370 centrum
939 1308 989 1371 est
1022 1304 1134 1371 circuli

119 1415 266 1494 ΕΒΖΔ,
291 1410 354 1476 erit
376 1414 439 1475 ΒΘ
453 1440 495 1464 =
510 1413 586 1475 ΘΔ.
614 1409 671 1475 sed
694 1409 951 1476 demonstratum
975 1412 1036 1494 est,
1059 1432 1134 1474 ean·

121 1518 195 1583 dem
218 1517 323 1583 multo
346 1517 503 1583 maiorem
528 1537 610 1600 esse3
637 1516 723 1602 quod
750 1516 821 1581 fieri
843 1537 910 1581 non
932 1519 1050 1600 potest
1073 1515 1134 1582 ita·

123 1645 185 1708 que
209 1624 348 1690 circulus
370 1622 526 1689 circulum
550 1624 638 1687 intra
660 1644 727 1688 non
751 1621 913 1708 contingit
934 1622 969 1687 in
986 1623 1134 1706 pluribus

119 1731 252 1816 punctis
275 1752 372 1814 quam
394 1751 468 1794 uno.

187 1836 258 1902 dico
281 1837 393 1924 igitur,
415 1856 457 1901 ne
481 1835 679 1901 extrinsecus
702 1835 831 1919 quidem
854 1834 916 1899 hoe
939 1834 1018 1900 fiori.
1056 1858 1133 1903 nam

121 1943 150 2008 si
174 1943 245 2009 fiori
267 1947 387 2028 potest,
410 1943 548 2009 circulus
563 1945 667 2007 ΑΓΚ
685 1942 838 2008 circulum
855 1943 989 2007 ΑΒΓΔ
1013 1944 1133 2009 extrin-

119 2071 212 2116 secus
241 2050 412 2134 contingat
438 2048 473 2114 in
500 2047 649 2133 pluribus
671 2048 800 2132 puncti·
825 2069 922 2133 quam
945 2069 1010 2113 uno
1033 2055 1074 2134 A,
1096 2053 1135 2136 Γ,

118 2161 152 2222 et
179 2157 315 2222 dueatur
345 2158 415 2220 ΑΓ.
461 2156 526 2220 iam
554 2155 707 2240 quoniam
739 2155 774 2219 in
808 2155 932 2220 ambitu
965 2156 1133 2242 utriusque

119 2263 232 2329 circuli
259 2264 406 2347 ΑΒΓΔ,
434 2265 539 2327 ΑΓΚ
569 2261 631 2326 duo
663 2262 827 2347 quaelibet
853 2264 975 2346 puncta
1003 2267 1134 2348 sumpta

119 2375 197 2434 sunt
215 2375 257 2454 A,
279 2371 315 2452 Γ,
339 2373 430 2434 recta
452 2390 492 2433 ea
514 2368 714 2454 coniungens
736 2369 823 2432 intra
845 2374 1017 2453 utrumque
1041 2370 1135 2435 cadet

119 2477 226 2560 [prop.
249 2475 306 2557 11].
353 2475 408 2540 sed
436 2476 523 2539 intra
551 2475 706 2540 circulum
731 2476 864 2548 ΑΒΓΔ
899 2478 931 2538 et
959 2479 1050 2540 extra
1075 2477 1134 2541 eir·

120 2583 231 2647 culum
254 2584 359 2646 ΑΓΚ
380 2581 495 2647 cecidit
518 2581 594 2662 [def.
609 2581 658 2665 3];
682 2581 767 2666 quod
791 2581 966 2646 absurdum
990 2586 1048 2647 est.
1071 2583 1133 2647 ita-

119 2709 182 2773 que
216 2688 353 2753 circulus
385 2686 541 2753 circulum
573 2687 772 2753 extrinsecus
808 2708 874 2753 non
904 2688 1066 2775 contingit
1098 2690 1134 2754 in

118 2795 266 2878 pluribus
290 2795 420 2878 punctis
444 2816 541 2879 quam
564 2815 638 2859 uno.
670 2794 927 2859 demonstratum
951 2800 1069 2879 autem,
1091 2816 1133 2859 ne

119 2901 209 2965 intra
231 2900 361 2986 quidem
384 2900 447 2965 hoe
467 2901 545 2964 fieri.

185 3006 276 3092 Ergo
304 3007 443 3072 circulus
473 3007 626 3071 circulum
654 3028 720 3072 non
739 3008 907 3092 'contingit
929 3007 964 3071 in
986 3008 1134 3091 pluribus

117 3253 171 3322 ΓΡ.
228 3249 312 3307 ἔπεσε
331 3252 389 3323 Vp.
462 3258 505 3306 20.
525 3251 625 3322 ΑΓΚ]
645 3256 673 3305 Κ
688 3252 718 3306 in
735 3269 789 3306 ras.
808 3269 844 3304 m.
862 3258 875 3305 l
895 3253 925 3307 P.
999 3260 1042 3309 21.
1062 3250 1133 3322 ἐφά-

117 3336 205 3391 ψεται
223 3323 256 3391 Β,
283 3323 309 3377 V
328 3339 481 3393 suprascr.
500 3328 577 3376 m.2.
657 3330 698 3377 23.
720 3318 784 3394 οὐκ]
805 3340 959 3392 suprascr.
979 3322 1008 3381 F.
1083 3320 1133 3394 ἐφ-

117 3391 225 3463 άψεται
244 3393 303 3462 BF,
324 3396 348 3452 V
367 3411 382 3449 e
401 3411 471 3450 corr.
490 3411 525 3449 m.
537 3399 561 3448 2.
995 3392 1000 3405 “
