2514 4012
139 223 205 289 396
518 212 782 273 ττοαοιααν.

204 360 293 432 Ἐπεὶ
322 361 388 451 γὰρ
416 360 435 430 5
463 369 529 431 AB
557 359 714 448 περισσός
741 361 852 444 ἐστιν,
886 356 1097 448 ἀφῃρήσθω
1123 385 1169 447 μο-

139 470 201 552 νὰς
225 467 245 558 ἡ
270 477 353 537 ΒΔ·
381 467 499 549 λοιπὸς
521 466 588 556 ἄρα
612 463 630 536 5
653 474 725 533 ΑΔ
747 463 868 554 ἄρτιός
892 468 1007 536 ἐστιν.
1056 464 1113 535 διὰ
1136 465 1168 533 τὰ

141 574 226 646 αὐτὰ
255 574 297 664 δὴ
326 574 382 643 καὶ
411 573 429 643 5
453 580 516 644 ΓΔ
540 572 656 664 ἄρτιός
679 575 781 642 ἐστιν·
811 569 902 642 ὥστε
928 574 992 642 κοιλ
1020 571 1168 654 λοιπὸςὸ

141 690 201 752 ΓΑ
225 682 342 771 ἄρτιός
364 685 467 751 ἐστιν·
491 678 574 768 ὅπερ
599 684 666 749 ἔδει
690 682 804 761 δεῖξαι.

105 885 122 934 ⁶
621 874 693 959 κζ’(

206 998 293 1068 Ἐὰν
326 997 401 1068 ἆπὸ
435 1003 630 1086 περισσοῦ
663 996 841 1086 ἀριθμοῦ
874 995 1027 1088 ἄρτιος
1061 999 1163 1087 ἀφαι-

142 1109 255 1194 ρεθῇ,
280 1103 298 1174 5
323 1105 462 1186 λοιπὸς
484 1103 673 1193 περισσὸς
697 1110 814 1174 ἔσται.

204 1209 287 1280 Ἀπὸ
314 1211 379 1300 γὰρ
407 1217 569 1298 περισσοῦ
597 1216 658 1280 τοῦ
685 1219 751 1280 AB
780 1208 896 1297 ἄρτιος
926 1209 1159 1302 ἆφῃρήσθωὸ

141 1325 217 1387 ΒΓ·
240 1319 342 1404 λέγω,
367 1316 418 1387 ὅτι
442 1315 461 1387 5
486 1315 603 1400 λοιπὸς
627 1316 645 1387 5
670 1324 731 1386 ΓΑ
752 1316 914 1406 περισσός
938 1320 1049 1388 ἐστιν.

90 1431 122 1480 10
206 1423 411 1513 Ἀφῃρήσθω
436 1423 528 1513 [γὰρ]
552 1423 658 1512 μονὰς
681 1422 701 1513 ἡ
725 1433 809 1493 ΑΔ·
833 1421 851 1493 5
872 1432 945 1493 AB
965 1425 1040 1516 ἄρα
1060 1424 1161 1514 ῦρτιός

142 1534 243 1600 ἐστιν.
289 1537 358 1599 ἔστι
387 1531 425 1600 55
452 1532 509 1598 καὶ
539 1529 556 1600 5
585 1537 652 1600 ΒΓ
675 1530 802 1618 ἄρτιος·
830 1531 885 1598 καὶ
912 1531 1041 1612 λοιπὸς
1064 1530 1158 1619 ῦραὸ

142 1642 203 1705 ΓΔ
218 1633 334 1725 ἄρτιός
349 1638 448 1705 ἐστιν.
481 1634 639 1723 περισσὸς
653 1634 720 1723 ῦρα
734 1632 752 1704 5
768 1640 839 1703 ΓΑ·
864 1634 950 1725 ὅπερ
967 1641 1043 1706 ἔδει
1059 1640 1159 1718 δεῖξαι.

623 1832 687 1917 κη’.

207 1952 296 2022 Ἐὰν
328 1951 519 2043 περισσὸς
551 1952 725 2042 ἀριθμὸς
757 1950 899 2039 ῦρτιον
937 1963 1159 2025 πολλαπλα-

92 2070 124 2119 15
145 2061 285 2141 σιιλσας
316 2064 409 2150 ποιῇ
441 2087 546 2143 τινα,
579 2058 597 2128 5
631 2061 847 2147 γενόμενος
875 2057 1021 2149 ἄρτιος
1053 2067 1158 2130 ἔσται.

210 2167 378 2254 Περισσὸς
400 2167 464 2253 γὰρ
489 2164 636 2256 ἀριθμὸς
659 2164 677 2235 5
703 2176 734 2235 A
757 2166 873 2255 ἄρτιον
902 2165 964 2233 τὸν
992 2177 1023 2235 Β
1049 2178 1158 2237 πολλα-

142 2274 328 2353 πλασιάσας
359 2275 418 2341 τὸν
456 2280 488 2340 Γ
524 2279 672 2340 ποιείτω·
709 2275 809 2358 λέγω,
847 2270 898 2339 ὅτι
933 2269 951 2339 5
989 2282 1025 2341 Γ
1058 2274 1161 2365 ἄρτιός

143 2383 242 2448 ἐστιν.

207 2482 297 2552 Ἐπεὶ
320 2483 383 2573 γὰρ
409 2482 426 2553 5
451 2495 483 2553 A
506 2485 566 2554 τὸν
590 2494 618 2554 Β
642 2483 937 2565 πολλαπλασιάσας
959 2485 1027 2555 τὸν
1057 2493 1089 2555 Γ
1112 2513 1160 2555 πε-

89 2609 124 2658 20
142 2596 295 2678 ποίηαεν,
320 2590 337 2658 5
362 2597 395 2658 Γ
413 2591 479 2681 ἄρα
503 2592 672 2679 σύγκειται
697 2596 731 2661 ἐκ
754 2591 927 2660 τοσούτων
952 2600 1044 2662 ἴσων
1062 2600 1109 2688 τςῦ
1127 2602 1162 2678 Β,

143 2698 219 2766 ὅσαι
244 2699 330 2765 εἰσὶν
355 2701 391 2767 ἐν
415 2703 461 2792 τῷ
486 2708 517 2767 A
541 2701 694 2787 μονάδες.
740 2704 799 2766 καί
821 2701 910 2766 ἐστιν
935 2696 952 2766 5
979 2708 1011 2767 B
1037 2701 1160 2789 ἄρτιος·

143 2803 160 2871 5
189 2811 221 2871 Γ
245 2804 310 2892 ἄρα
339 2805 509 2892 σύγκειται
538 2808 570 2886 ἐξ
599 2803 733 2893 ἀρτίων.
780 2802 838 2873 ἐὰν
867 2804 904 2871 55
928 2803 1045 2891 ἄρτιοι
1069 2808 1164 2897 ἆριθ·

142 2911 199 2995 μοὶ
219 2908 403 2978 ὁποσοιοῦν
428 2916 652 2996 συντεθῶσιν,
676 2909 694 2978 5
720 2909 798 2991 ὅλος
821 2909 936 2998 ἄρτιός
960 2914 1068 2982 ἐστιν.
1112 2914 1163 3002 ῦρ-

142 3040 211 3095 τιος
233 3014 300 3103 ἄρα
325 3017 415 3084 ἐστὶν
439 3014 457 3084 5
481 3022 522 3084 Γ·
547 3015 626 3105 ὅπερ
652 3022 719 3084 ἔδει
745 3019 859 3097 δεῖξαι.

213 3190 400 3265 2,.ἒστιν]Ρ
421 3212 511 3263 comp.
531 3194 564 3263 F3
586 3190 643 3250 ἔστι
662 3195 719 3262 Vq
784 3200 809 3248 4.
831 3194 893 3264 ΓΑ]
914 3197 969 3247 ΑΓ
987 3196 1079 3267 BVq.
1146 3205 1166 3253 7.

143 3262 241 3351 ἔσται]
259 3261 334 3319 ἐστιν
354 3282 444 3334 comp.
463 3267 493 3320 F.
564 3272 589 3321 9.
610 3263 692 3337 5](a
692 3267 809 3335 l).0m.
830 3284 855 3333 q.
923 3265 988 3337 ΓΑ]
1011 3286 1028 3323 e
1049 3271 1167 3326 corr.V.

142 3342 184 3391 10.
205 3334 276 3424 γάρ]
296 3336 392 3390 om.P
473 3331 566 3423 ἄρα]
587 3356 638 3392 om.
658 3355 684 3405 q.
779 3344 819 3390 12.
840 3333 943 3404 5onq
984 3337 1054 3410 Seq.
1080 3342 1113 3396 in
1131 3342 1168 3395 V·

142 3405 201 3461 ἔστι
224 3405 255 3460 δε
282 3407 328 3461 καλ
353 3403 443 3476 μονὰς
465 3403 483 3474 ἡ
505 3414 566 3465 ΔΑ.
658 3408 714 3476 ἄρα
734 3404 861 3463 ἕστίνλλ.
955 3414 999 3464 14.
1020 3412 1168 3484 περισσός]

141 3477 273 3546 supraF.
349 3484 390 3534 16.
409 3476 542 3545 περισσὸς
560 3477 613 3549 γὰρ
634 3475 776 3551 ἀριθμός]
796 3474 920 3549 ἀριθμὸς
939 3475 1050 3549 γάρΓ,
1130 3493 1169 3540 23.

140 3549 312 3603 τεθῶσινΡ.
387 3544 419 3619 5]
441 3566 494 3603 om.
515 3569 541 3620 q.
