2514 4012
144 203 209 269 194
521 205 723 257 monam
742 201 776 270 ς’.

143 359 227 434 τρεῖ,
260 344 315 411 καλ
349 344 367 412 6
398 352 438 412 Η
464 343 531 433 ἄρα
560 343 620 412 τὸν
648 351 715 411 ΒΕ
744 359 867 433 μετρεῖ·
900 361 1023 434 μετρεῖ
1052 348 1095 417 δὲ
1120 349 1175 416 ιιιιῖ

145 450 225 521 ὅλον
257 448 318 518 τὸν
350 458 428 518 BA·
461 451 516 518 καλ
549 448 668 519 λοιπὸν
700 448 768 539 ἄρα
803 451 864 519 τὸν
896 459 968 519 ΑΕ
999 453 1175 541 μετρήσει.

144 558 162 627 6
188 557 226 626 δὲ
246 564 316 624 ΑΕ
335 554 397 625 τὸν
421 565 488 625 ΔΖ
511 570 633 645 μετρεῖ·
661 558 717 625 καλ
741 557 759 626 6
784 564 824 624 Η
840 555 908 645 ἄρα
929 557 994 627 τὸν
1022 567 1097 628 ΔΖ
1119 587 1173 649 με

142 663 271 752 τρήσει·
296 677 410 751 μετρεῖ
431 663 469 732 δὲ
491 663 547 731 καὶ
570 660 652 731 ὅλον
675 662 737 732 τὸν
761 669 842 732 ΛΓ·
871 663 928 731 καὶ
952 664 1085 735 λοιπὸν
1108 664 1174 754 ἄρα

108 786 123 834 ο
143 768 203 838 τὸν
227 774 287 836 ΓΖ
310 768 464 857 μετρήσει
488 766 506 836 6
531 775 650 855 μείζων
673 768 733 837 τὸν
756 771 935 838 ἐλάσσονα·
965 767 1054 859 ὅπερ
1080 771 1173 841 ἐστὶν

143 875 327 944 ἀδύνατον·
359 871 421 942 οὐκ
444 872 511 962 ἄρα
534 872 613 954 τοὺς
635 882 717 961 AB,
737 881 799 944 ΓΔ
821 872 992 963 ἀριθμοὺς
1016 873 1173 965 ἀριθμός

142 1009 192 1063 τις
214 981 368 1070 μετρήσει
392 987 511 1068 μείζων
535 976 584 1048 ιδν
606 985 667 1049 τοῦ
691 987 765 1049 ΓΖ·
790 979 808 1049 6
833 987 894 1049 ΓΖ
912 979 979 1067 ἄρα
996 986 1075 1050 τῶν
1094 991 1170 1069 ΑΒ,

143 1095 206 1157 ΓΔ
235 1086 392 1175 μέγιστόν
415 1088 484 1154 ἐστι
511 1084 630 1156 κοινὸν
659 1089 781 1174 μέτρον
810 1085 904 1171 [ὅπερ
932 1091 1001 1155 ἔδει
1035 1092 1169 1175 δεῖξαι]

438 1342 442 1353 .
557 1280 751 1369 Πόρισμα.

90 1423 123 1470 10
184 1405 239 1475 Ἐκ
263 1405 305 1493 δή
328 1404 451 1474 τούτου
474 1403 635 1492 φανερόν,
660 1402 711 1472 ὅτι
730 1404 790 1473 ἐὰν
808 1402 954 1493 ιἰριθμός
978 1405 1047 1474 δύο
1068 1405 1165 1496 ἀριθ-

143 1511 226 1600 μοὺς
254 1515 370 1600 μετρή,
402 1509 459 1577 καὶ
486 1509 524 1577 τὸ
557 1513 714 1596 μέγιστον
742 1509 855 1580 αὐτῶν
884 1511 1004 1580 κοινὸν
1040 1515 1165 1602 μέτρον

143 1618 309 1706 μετρήσει·
335 1616 416 1701 ὅπερ
440 1621 508 1684 ἔδει
532 1618 646 1697 δεῖξαι.

627 1838 670 1897 γ.

213 1941 339 2024 Τριῶν
363 1934 546 2023 ιἰριθμῶν
570 1936 775 2003 δοθέντων
799 1934 847 2022 μή
872 1933 1044 2017 τιρεότων
1066 1935 1164 2026 πρδς

91 2058 124 2106 16
143 2040 341 2129 ἀλλήλους
371 2041 414 2109 τὸ
453 2043 643 2128 μέγιστον
680 2039 809 2110 αὐτῶν
841 2038 982 2109 κοινὸν
1016 2044 1163 2132 μέτρον

143 2148 288 2236 εὑρεῖν.

130 2332 135 2340 ‚
199 2253 373 2321 Ἔστωσαν
408 2258 443 2321 οῖ
473 2236 632 2332 δοθέντες
665 2268 752 2340 τρεῖς
784 2251 925 2340 ἀριθμοὶ
958 2252 1003 2338 μή
1033 2260 1161 2341 πρῶτοι

142 2359 225 2448 πρὸς
252 2358 419 2445 ἀλλήλους
448 2363 482 2428 οῖ
508 2370 554 2444 Α,
573 2368 617 2445 Β,
637 2366 677 2427 Γ·
708 2363 762 2426 δεῖ
784 2358 824 2445 δή
848 2364 916 2426 τῶν
940 2369 987 2444 Α,
1006 2366 1053 2445 Β,
1073 2367 1107 2427 Γ
1124 2359 1159 2428 τὸ

143 2470 299 2554 μέγιστον
322 2466 439 2534 κοινὸν
463 2469 584 2554 μέτρον
609 2463 731 2553 εὑρεῖν.

89 2596 123 2644 20
209 2572 375 2659 Εἰλήφθω
404 2572 468 2659 γὰρ
498 2573 560 2640 δύο
584 2577 651 2640 τῶν
676 2582 717 2653 A,
737 2580 765 2638 Β
788 2570 825 2639 τὸ
855 2573 1012 2658 μέγιστον
1040 2570 1160 2640 κοινὸν

143 2683 264 2767 μέτρον
289 2679 306 2747 6
331 2687 376 2746 Δ·
401 2677 418 2747 6
444 2679 485 2765 δή
506 2687 540 2746 A
562 2677 621 2746 τὸν
644 2684 676 2746 Γ
695 2676 770 2764 ήτοι
793 2692 906 2764 μετρεῖ
926 2674 947 2764 ή
973 2676 1014 2745 οὐ
1038 2692 1159 2767 μετρεῖ.

142 2792 298 2873 μετρείτω
326 2784 504 2872 πρότερον·
536 2799 649 2872 μετρεῖ
679 2785 716 2852 δὲ
748 2786 803 2851 καὶ
835 2783 913 2864 τοὺς
940 2795 983 2868 A,
1007 2793 1048 2851 Β·
1079 2785 1098 2854 6
1127 2793 1160 2852 Λ

143 2891 208 2979 ἄρα
239 2891 318 2970 τοὺς
351 2901 397 2976 A,
416 2899 459 2975 B,
479 2897 511 2958 Γ
538 2906 661 2977 μετρεῖ·
695 2888 712 2958 6
747 2900 779 2956 A
812 2889 878 2976 ἄρα
910 2895 976 2958 των
1009 2900 1053 2976 A,
1073 2897 1165 2975 Β,Γ

142 2997 261 3066 κοινὸν
294 3000 415 3084 μέτρον
448 2999 547 3064 ἐστίν.
602 2998 686 3084 λέγω
726 2997 783 3083 δή,
821 2995 873 3065 ὅτι
904 2997 959 3063 κοιλ
993 2998 1163 3082 μέγιστον.

215 3182 239 3229 3.
260 3158 366 3243 μετρεῖ·
387 3173 452 3244 καί]
473 3190 543 3227 corr.
564 3191 597 3227 ex
613 3170 745 3258 μετρήσει
760 3192 795 3227 m.
813 3181 827 3227 1
843 3193 869 3258 ρ.
924 3170 975 3227 τὸν
991 3178 1042 3227 ΔΖ
1058 3169 1117 3243 ἄρα
1131 3176 1160 3231 Γ.

143 3243 289 3316 μετρήσει]
310 3253 410 3314 μετρεῖ
423 3245 453 3298 Ρ.
544 3251 568 3300 4.
589 3245 649 3315 τον]
677 3262 746 3298 corr.
772 3261 806 3298 ex
824 3264 856 3298 το
874 3262 910 3298 m.
932 3251 946 3297 1
966 3263 991 3313 p.
1087 3248 1158 3316 ΔΓ]

144 3320 194 3369 ΓΔ
212 3335 239 3386 p.
328 3321 351 3370 5.
373 3311 460 3386 ἐστίν]
482 3332 535 3368 om.
555 3315 586 3369 B.
674 3322 697 3370 8.
720 3313 794 3369 ἐστιν
813 3315 873 3369 PV.
961 3321 1002 3368 10.
1022 3317 1110 3371 τοῦτο
1129 3318 1160 3381 Ρ,

144 3389 191 3439 ned
212 3405 281 3441 corr.
366 3392 406 3440 12.
427 3381 496 3454 ὅπερ
517 3384 576 3440 ἔδει
595 3387 700 3457 δεῖξαι]
720 3385 755 3452 Ρς
775 3403 829 3441 om.
848 3386 962 3455 BFVp.
1047 3393 1090 3442 19.
1111 3386 1160 3458 μέ-

142 3458 221 3528 τρον]
246 3459 290 3512 bis
309 3475 336 3526 p.
428 3463 470 3513 20.
491 3455 543 3512 δύο
563 3453 615 3525 γάρ
634 3475 661 3525 p.
749 3463 791 3512 22.
816 3458 927 3529 μετρεῖ]
952 3457 1024 3526 (alt.)
1047 3474 1104 3512 om.
1128 3460 1160 3512 F.

178 3534 221 3583 24.
242 3524 327 3599 ἐστίν]
349 3544 439 3597 comp.
458 3529 517 3596 Fp3
538 3524 599 3581 ἔστί
613 3527 701 3582 PBV.
775 3525 828 3599 δή]
849 3546 902 3582 om.
922 3529 952 3583 P.
