2514 4012
382 172 657 224 ELEtOENTORUM
675 171 784 224 LIBER
802 173 851 226 111.
1070 173 1132 237 177

184 313 277 401 Ergo
300 314 329 380 si
350 314 386 379 in
408 314 529 381 circulo
552 314 634 379 duae
652 317 759 380 rectae
777 315 864 380 inter
883 336 917 380 se
936 321 1048 382 secant
1065 340 1133 384 uon

117 443 177 506 per
200 423 349 486 centrum
373 420 496 505 ductae,
519 421 658 486 induas
681 424 791 504 partes
815 421 967 506 aequales
989 423 1075 490 inter
1098 446 1133 490 se

117 548 186 592 non
211 530 335 611 secant3
360 527 447 610 quod
470 530 540 592 erat
562 527 861 592 demonstrandum.

603 720 644 786 V.

185 842 223 910 Si
246 847 309 913 duo
332 845 445 912 circuli
466 847 553 912 inter
576 867 610 911 se
633 849 752 932 secant,
774 869 841 912 non
858 847 1026 913 habebunt
1046 847 1133 913 idem

440 956 596 1018 centrum.

506 1098 584 1142 nam
621 1076 685 1143 duo
722 1078 835 1143 circuli
871 1081 986 1163 ΑΒΓ,
1027 1081 1138 1144 ΓΔΗ

440 1184 526 1253 inter
550 1206 584 1250 se
607 1187 718 1250 secent
739 1185 774 1250 in
796 1185 926 1269 punctis
944 1188 1028 1269 Β,Γ.
1052 1185 1134 1269 dico,

364 1320 366 1323 ·
442 1313 497 1357 eos
538 1291 625 1356 idem
666 1294 812 1356 centrum
853 1291 1023 1357 habituros
1068 1313 1133 1357 non

186 1543 264 1586 nam
288 1523 317 1587 si
339 1523 409 1587 fieri
431 1525 552 1608 potest,
574 1522 619 1586 sit
637 1526 674 1601 E,
694 1525 727 1587 et
750 1522 886 1587 ducatur
904 1525 981 1606 ΕΓ,
1004 1525 1037 1587 et
1059 1520 1134 1587 edn-

119 1633 213 1695 catur
236 1632 345 1694 ΕΖΗ
367 1633 540 1714 utcunque.
586 1632 618 1693 et
646 1628 799 1712 quoniam
832 1632 864 1692 E
884 1632 1039 1713 punctum
1063 1649 1134 1694 cen·

118 1738 207 1800 trum
238 1738 289 1800 est
311 1736 422 1801 circuli
445 1737 557 1818 ΑΒΓ,
585 1735 648 1799 erit
671 1737 790 1799 EP=
806 1738 876 1800 ΕΖ.
921 1756 1033 1800 rursus
1057 1754 1134 1820 quo

118 1843 209 1906 niam
245 1845 401 1925 punctum
428 1846 461 1906 E
490 1845 636 1907 centrum
673 1844 724 1905 est
759 1841 870 1905 circuli
907 1843 1022 1926 ΓΔΗ,
1073 1839 1136 1906 erit

120 1949 241 2013 EF=
257 1951 330 2012 ΕΗ.
379 1947 435 2011 sed
456 1947 714 2012 demonstratum
739 1949 788 2010 est
802 1947 901 2011 otiam
926 1949 1045 2011 EP=
1064 1951 1135 2013 ΕΖ.

119 2054 232 2138 itaquo
260 2055 360 2119 etiam
388 2058 451 2118 ΕΖ
465 2084 508 2107 =
525 2056 606 2135 ΕΗ,
643 2052 750 2117 minor
781 2054 910 2136 maiori3
948 2053 1033 2137 quod
1065 2051 1135 2117 fieri

118 2181 185 2226 non
217 2164 336 2244 potest.
381 2161 490 2245 itaque
520 2163 675 2244 punctum
705 2163 736 2223 Ε
762 2163 908 2224 centrum
941 2160 1135 2225 circulorum

121 2268 229 2348 ΑΒΓ,
252 2268 363 2330 ΓΔΗ
381 2289 447 2332 non
470 2270 528 2332 est.

187 2370 279 2457 Ergo
303 2373 333 2437 si
356 2373 419 2437 duo
443 2373 554 2438 circuli
578 2374 663 2438 inter
686 2394 720 2437 se
739 2377 860 2456 secant,
884 2396 949 2438 nou
968 2373 1137 2439 habebunt

120 2477 206 2542 idem
231 2482 391 2563 centrum3
415 2479 501 2563 quod
524 2483 594 2543 erat
616 2479 912 2544 demonstrandum.

596 2671 655 2740 VI.

187 2795 223 2862 si
251 2797 313 2862 duo
345 2797 457 2863 circuli
480 2797 566 2862 inter
589 2819 623 2862 se
647 2797 854 2882 contingunt,
881 2819 948 2862 non
969 2796 1136 2861 habebunt

120 2903 207 2968 idem
230 2906 387 2968 centrum.
395 2900 420 2988 ¹)

191 3169 218 3236 1)
242 3164 375 3220 Euclides
409 3182 473 3220 eum
505 3183 613 3234 casum,
644 3182 698 3234 quo
731 3165 829 3220 circuli
856 3166 930 3221 intra
959 3165 1135 3238 contingunt,

118 3237 152 3291 ut
171 3235 363 3292 obscuriorem
383 3236 436 3290 sibi
460 3238 707 3292 demonstrandum
728 3238 860 3307 sumpsit3
888 3255 955 3292 nam
973 3237 1023 3293 ubi
1041 3239 1136 3295 circuli

119 3308 330 3363 extrinsecuss
373 3308 553 3379 contingunt,
581 3307 737 3377 propositio
760 3324 811 3378 per
835 3325 864 3363 se
887 3310 975 3377 patet.
1013 3311 1136 3367 ceterum

119 3379 325 3434 demonstratio
369 3378 471 3434 uclidis
490 3379 596 3434 dehoc
616 3394 726 3448 quoquo
746 3397 812 3434 casu
830 3380 916 3435 ualet.
950 3397 1036 3450 quare
1056 3377 1135 3444 ἐντός

118 3449 170 3507 lin.
185 3456 220 3505 22
245 3467 324 3506 mera
342 3449 524 3520 interpolatio
543 3453 600 3519 est,
624 3452 656 3504 ut
675 3449 761 3505 etiam
779 3467 794 3505 e
814 3451 942 3505 codicum
960 3453 1069 3507 ratione
1088 3452 1137 3508 ad-

118 3523 202 3590 paret
220 3525 286 3592 (om.
308 3520 485 3592 Campanus).

172 3619 326 3671 Eucliden,
341 3621 392 3663 odd.
407 3621 506 3671 Hciberg
520 3624 543 3661 et
556 3621 644 3671 Mense.
669 3636 680 3643 ·
888 3617 921 3666 12
