2514 4012
141 215 208 281 342

624 390 670 478 β’.

206 516 293 586 ’Βάκ
317 517 389 583 δύο
413 514 582 602 ἀριθμοὶ
600 518 1046 598 πολλαπλασιάσαντες
1065 516 1168 602 άλλύ-

142 632 235 704 λους
261 627 407 692 ποιῶσι
435 622 704 708 τετράγωνον,
733 621 874 710 ὅμοιοι
906 626 1110 694 ἐπίπεδοί
1124 629 1167 692 εί·

143 750 207 798 σιν
231 727 407 818 άριθμοί.

108 859 123 906 5
200 835 377 904 Ἔστωσαν
406 834 469 903 δύο
497 833 639 924 άριθμολ
668 837 703 903 ολ
724 844 772 922 A,
796 842 839 920 B,
869 837 929 904 καὶ
955 835 977 906 ὁ
1006 847 1042 906 A
1065 838 1164 908 τὸαΒ

144 942 436 1022 πολλαπλασιάσας
453 941 665 1030 τετράγωνον
682 940 743 1010 τὸν
758 947 790 1008 Γ
803 948 960 1011 ποιείτω·
998 947 1100 1032 λέγω,
1122 943 1164 1012 ὅτι

143 1050 179 1117 οἰ
199 1058 242 1134 A,
264 1056 293 1116 Β
313 1047 425 1135 ὅμοιοι
448 1050 602 1115 ἐπίπεδοί
621 1051 707 1116 εἰσιν
731 1045 884 1136 άριθμοί.

203 1155 239 1222 Ὁ
267 1153 332 1243 γάρ
356 1164 388 1222 A
410 1152 532 1223 ἑαυτὸν
554 1153 847 1233 πολλαπλασιάσας
869 1151 932 1222 τὸν
958 1164 998 1222 A
1023 1162 1161 1226 ποιείτω

142 1258 160 1328 ὁ
181 1268 214 1327 A
236 1259 302 1346 άρα
324 1260 531 1350 τετράγωνός
554 1264 653 1330 ἐστιν.
689 1263 746 1328 καὶ
769 1261 838 1329 ἐπεὶ
861 1257 934 1328 &A
959 1262 1091 1332 ἑαυτὸν
1108 1262 1161 1350 μὲν

94 1390 128 1439 10
146 1368 438 1448 πολλαπλασιάσας
464 1366 525 1437 τὸν
548 1377 582 1436 A
609 1374 803 1455 πεποίηκεν,
831 1367 892 1435 τὸν
922 1368 963 1435 δὲ
988 1378 1020 1438 Β
1050 1378 1160 1438 πολλα·

142 1473 329 1552 πλασιάσας
351 1471 412 1544 τὸν
434 1480 466 1543 Γ
484 1480 680 1562 πεποίηκεν,
704 1480 794 1543 ἔστιν
817 1475 884 1562 ἄρα
907 1471 954 1554 ὥς
980 1475 1000 1545 ὁ
1026 1486 1061 1544 A
1082 1473 1159 1564 πρὸς

143 1578 203 1648 τὸν
227 1587 271 1664 Β,
299 1580 318 1647 ὁ
343 1588 376 1647 A
402 1579 485 1669 πρὸς
512 1579 573 1649 τὸν
596 1588 632 1650 Γ.
677 1582 734 1648 καὶ
757 1580 827 1649 ἐπεὶ
849 1579 869 1648 ὃ
893 1588 929 1646 A
950 1581 1159 1669 τετράγωνός

144 1688 251 1772 ἐστιν,
284 1683 368 1752 άλλὰ
399 1688 456 1754 καὶ
485 1684 565 1774 ὁΓ,
595 1691 630 1756 οί
651 1697 700 1774 A,
724 1693 756 1754 Γ
779 1686 846 1775 ἄρα
873 1685 989 1773 ὅμοιοι
1014 1693 1163 1758 ἐπίπεδοί

145 1798 241 1894 Ιείσια.
285 1797 353 1862 τῶν
377 1802 427 1880 A,
450 1801 482 1862 Γ
505 1792 572 1882 άρα
601 1787 649 1874 εἷς
676 1795 776 1881 μέσος
799 1791 973 1879 ἀνάλογον
999 1797 1158 1883 ἐμπίπτει.

93 1918 126 1967 15
145 1906 204 1967 καί
225 1901 314 1967 ἐστιν
338 1897 383 1980 ὡς
406 1927 424 1968 ο
450 1908 485 1966 A
505 1897 589 1985 πρὸς
611 1899 673 1968 τὸν
696 1907 735 1986 Γ,
765 1899 871 1980 οὕτως
894 1897 912 1968 ὁ
936 1909 971 1967 A
995 1902 1084 1990 πρὸς
1105 1900 1160 1970 τὸν

142 2015 183 2075 Β·
221 2007 277 2074 καὶ
304 2009 372 2073 τῶν
397 2014 445 2092 A,
468 2013 497 2073 Β
525 2004 591 2094 άρα
616 2000 664 2086 εἷς
687 2007 786 2094 μέσος
809 2003 982 2092 ἀνάλογον
1002 2011 1158 2096 ἐμπίπτει.

40 2141 50 2155 ·
144 2113 204 2182 ἐὰν
237 2112 274 2179 δὲ
306 2111 369 2178 δύο
403 2109 562 2199 άριθμων
590 2106 641 2192 Ιεἷς
674 2114 773 2199 μίσος
805 2108 976 2198 άαάλογον
1009 2117 1159 2203 ἐμπίπτῃ,

143 2218 257 2304 ὅμοιοι
272 2221 424 2286 ἐπίπεδοί
441 2222 525 2286 εἰσιν
546 2222 610 2302 [ολ]
632 2217 786 2307 ἀριθμοί·
812 2221 847 2286 οί
864 2217 930 2302 άρα
943 2227 989 2305 A,
1005 2229 1035 2288 B
1051 2220 1161 2309 ὅμοιοί

144 2329 229 2392 είσιν
252 2327 414 2393 ἐπίπεδοι·
458 2323 538 2412 ὅπερ
564 2328 631 2392 ἔδει
656 2327 768 2406 δεῖξαι.

90 2563 124 2610 20
627 2547 671 2606 ί·

208 2641 295 2710 Ἐὰν
313 2644 434 2729 κύβος
452 2640 625 2731 ἀριθμὸς
644 2643 788 2712 ἑαυτὸν
807 2645 1158 2722 πολλαπλασιάσας

147 2754 237 2837 ποιῇ
261 2775 364 2834 τινα,
389 2747 407 2817 ὁ
431 2750 649 2836 γενίμεκος
671 2749 792 2837 κύβος
811 2756 928 2818 ἔσται.

210 2856 327 2940 Κύβος
354 2883 419 2941 γαρ
448 2855 595 2944 ἀριθμὸς
622 2854 692 2923 ὁΑ
721 2855 841 2924 ἑαυτὸν
864 2858 1159 2935 πολλαπλασιάσας

143 2960 203 3028 τὸν
227 2968 255 3028 Β
279 2967 427 3029 ποιείτω·
461 2965 556 3048 λέγω,
581 2960 631 3029 ὅτι
655 2960 681 3030 ὁ
697 2971 726 3029 Β
749 2962 851 3048 κύβος
874 2964 972 3030 ἐστίν.

91 3093 125 3142 25
210 3067 377 3154 Εἰλήφθω
402 3068 466 3156 γὰρ
489 3072 550 3135 τοῦ
574 3076 606 3135 A
629 3067 757 3155 πλευρὰ
782 3066 853 3154 ὁΓ,
872 3068 927 3135 καὶ
952 3066 1019 3136 ὁΓ
1038 3072 1158 3140 ἑαυτὸν

145 3173 437 3254 πολλαπλασιάσας
464 3173 524 3242 τὸν
553 3183 586 3241 A
613 3181 755 3245 ποιείτω.
804 3171 954 3262 φανερὸν
982 3175 1028 3261 δή
1057 3180 1158 3261 ἐστιν,

215 3340 240 3387 3.
260 3331 313 3387 εἰσι
332 3334 393 3402 th.
467 3340 492 3390 4.
512 3331 648 3406 άριθμοί]
668 3352 722 3390 om.
742 3335 831 3403 Bth.
895 3338 919 3388 ὅ.
940 3328 1158 3391 ἔστωσαν-βε

145 3404 276 3474 ποιείτω]
296 3401 349 3458 δύο
368 3402 422 3473 γάρ
441 3402 560 3474 άριθμοὶ
579 3404 609 3460 ολ
625 3412 660 3474 A,
680 3413 701 3460 Β
721 3401 1018 3466 πολλαπλασιάσαντες
1032 3408 1080 3475 (m.
1096 3414 1113 3462 2
1129 3408 1159 3474 B)

145 3470 280 3543 ἀλλήλους
298 3473 475 3544 τετράγωνον
494 3474 544 3531 τὸν
570 3480 596 3530 Γ
616 3480 787 3532 ποιείτωσαν
810 3477 909 3531 Theon
927 3475 1041 3544 (Bth).
1135 3483 1158 3533 9.

147 3539 277 3613 douvqu.
327 3547 364 3618 A]
382 3564 466 3618 supra
481 3548 593 3604 m.1V.
645 3546 711 3619 μέν]
727 3565 781 3604 om.
797 3568 827 3616 φ.
884 3552 924 3601 10.
939 3549 1082 3617 πεποίηκε
1098 3549 1158 3618 th.
