2514 4012
669 789 723 864 θ’.

674 956 719 1026 α’.

253 1082 341 1151 Ἐὰν
374 1081 616 1172 ὄάο.ὅμοιοι
649 1084 832 1151 ἐπίπεδοι
861 1077 1040 1168 ἀριθμοὶ
1074 1088 1207 1150 πολλα·

189 1188 481 1270 πλασιάσαυτες
499 1185 698 1274 ἀλλήλους
716 1190 863 1256 ποιῶσί
882 1211 989 1272 τινα,
1010 1184 1032 1255 ὁ
1054 1185 1207 1274 γευόμε-

190 1323 259 1375 υος
281 1297 529 1382 τετράγωνος
554 1300 670 1362 ἔσται.

155 1413 172 1462 5
248 1399 423 1469 Ἔστωσαν
457 1399 519 1468 δύο
550 1397 661 1487 ὅμοιοι
691 1402 841 1467 ἐπίπεδοι
869 1395 1014 1485 άριθμοὶ
1045 1403 1085 1467 οί
1103 1407 1150 1485 A,
1172 1404 1205 1482 B,

191 1507 247 1574 καὶ
271 1503 340 1574 ὃΛ
362 1506 423 1575 τὸυ
441 1513 470 1573 Β
493 1504 786 1585 πολλαπλασιάσας
808 1502 868 1571 τὸν
886 1508 919 1570 Γ
936 1509 1094 1573 ποιείτω·
1118 1506 1205 1592 λέγω,

192 1610 240 1681 ὅτι
267 1609 285 1680 ὁ
309 1618 342 1680 Γ
359 1611 568 1701 τετράγωνός
591 1614 690 1680 ἐστιν.

253 1716 290 1785 Ὁ
317 1716 380 1807 γὰρ
406 1727 436 1786 A
455 1715 577 1786 ἑαυτὸν
599 1714 894 1794 πολλαπλασιάσας
916 1712 978 1783 τὸν
1001 1724 1039 1784 A
1068 1723 1206 1786 ποιείτοι

192 1821 210 1892 ὁ
239 1832 272 1891 A
302 1822 369 1912 άρα
398 1822 606 1912 τετράγωνός
636 1826 736 1892 ἐστιν.
783 1823 853 1891 ἐπεὶ
883 1812 947 1889 οὖν
978 1818 996 1890 ὁ
1025 1831 1061 1889 Α
1091 1819 1206 1891 ἑαυτὸν

139 1952 173 2003 10
192 1930 254 2018 μὲν
277 1931 570 2010 πολλαπλασιάσας
592 1927 652 1999 τὸυ
672 1938 705 1997 A
728 1935 917 2015 πεποίηκεν,
939 1926 1002 1996 τὸυ
1027 1928 1069 1997 δὲ
1087 1936 1117 1998 Β
1136 1935 1206 1997 πολ·

193 2036 421 2116 λαπλασιάσας
452 2035 514 2105 τὸν
542 2043 575 2104 Γ
600 2041 797 2121 πεποίηκεν,
830 2033 936 2103 ἐστιν’
953 2030 1020 2120 ἄρα
1055 2031 1102 2114 ὡς
1135 2032 1154 2102 ὁ
1179 2042 1207 2100 A

193 2140 277 2230 πρὸς
298 2141 358 2209 τὸυ
377 2149 417 2227 Β,
444 2143 550 2222 οὕτως
574 2140 591 2210 ὁ
617 2149 650 2208 A
674 2141 758 2230 πρὸς
780 2141 841 2209 τὸν
863 2147 898 2209 Γ.
935 2140 992 2208 καὶ
1016 2141 1089 2210 ἐπεὶ
1114 2144 1151 2209 οί
1170 2148 1206 2224 A,

194 2255 223 2315 Β
251 2246 363 2333 ὅμοιοι
392 2250 544 2315 ἐπίπεδοί
565 2252 651 2315 εἰσιν
674 2245 831 2335 ἀριθμοί,
858 2251 925 2315 τῶν
948 2255 997 2330 Α,
1020 2253 1051 2313 Β
1076 2245 1144 2335 άρα
1167 2241 1208 2323 εἷς

194 2355 292 2439 μέσος
315 2352 486 2439 άυάλογου
510 2357 659 2440 ἐμπίπτει
682 2351 836 2442 ἀριθμός.
879 2351 937 2420 ἐὰν
962 2351 999 2419 δὲ
1023 2351 1089 2420 δύο
1113 2349 1205 2440 άριθ-

141 2481 173 2530 15
193 2463 265 2544 μῶν
298 2458 419 2545 μεταξὺ
449 2458 531 2526 κατὰ
564 2458 602 2526 τὸ
636 2460 772 2546 συνεχὲς
803 2457 974 2542 άυάλογου
1004 2460 1206 2543 ἐμπίπτωσιν

193 2563 345 2653 ἀριθμοί,
370 2563 445 2633 ὅσοι
469 2570 515 2645 είς
534 2563 658 2644 αὐτοὺς
677 2568 889 2652 ἐμπίπτουσι,
911 2566 1071 2630 τοσοῦτοι
1089 2564 1147 2630 καὶ
1166 2567 1207 2642 είς

192 2669 269 2749 τοὺς
292 2670 353 2738 τὸυ
377 2669 482 2738 αὐτὸν
505 2669 609 2755 λόγου
633 2675 780 2757 ἔχοντας·
828 2668 989 2736 ὥστεκαὶ
1013 2673 1084 2736 τῶν
1110 2677 1160 2754 Δ,
1183 2673 1210 2735 Γ

193 2772 240 2855 εἷς
271 2777 371 2862 μέσος
402 2774 573 2861 άυάλογου
602 2777 751 2860 ἐμπίπτει
782 2772 936 2863 ἀριθμός.
976 2778 1036 2839 καί
1064 2777 1135 2841 ἐστι
1162 2800 1207 2841 τε·

191 2881 363 2969 τοάγωυος
386 2877 404 2948 ὁ
429 2888 473 2947 A·
515 2879 722 2967 τετράγωνος
745 2879 812 2967 άρα
834 2880 889 2946 καὶ
914 2875 931 2945 ὁ
956 2883 996 2944 Γ·
1034 2877 1118 2967 ὅπερ
1144 2884 1207 2948 ἔδει

141 3009 175 3059 20
196 2990 309 3067 δεῖξαι.

264 3161 317 3236 θ’]
342 3182 410 3219 corr.
436 3181 469 3218 ex
492 3162 523 3233 η’
543 3165 575 3218 V.
613 3165 682 3218 Post
706 3163 834 3230 titulum,
858 3163 923 3216 ante
947 3178 1025 3230 prop.
1045 3161 1059 3213 I
1077 3162 1108 3216 in
1131 3163 1208 3216 textu

196 3235 334 3290 scholium
352 3235 459 3289 habent
477 3235 544 3303 ch,
563 3253 590 3289 u.
610 3253 674 3305 app.
767 3240 790 3289 9.
817 3231 879 3289 ἐπεὶ
902 3225 971 3303 οὖν]
997 3232 1046 3287 καὶ
1067 3228 1136 3288 ἐπεί
1149 3233 1207 3298 th.

198 3312 239 3360 10.
259 3306 328 3376 μέν]
348 3322 401 3361 om.
422 3305 452 3360 B.
545 3306 587 3376 A]
606 3305 637 3360 in
654 3323 707 3360 ras.
727 3305 757 3359 P.
794 3306 931 3372 πεποίηκε
951 3304 1013 3372 Vq).
1109 3310 1150 3357 11.
1172 3301 1208 3372 Γ]

196 3375 293 3430 inme.
307 3378 338 3431 P.
395 3382 436 3430 14.
457 3375 608 3448 δάμαρτα
621 3376 738 3430 m.2V.
776 3371 881 3445 μεταξὺ
900 3370 1033 3444 άρυθμῶν
1047 3374 1110 3444 Vq).
1168 3379 1207 3427 16.

196 3441 328 3516 άριθμοί,
355 3441 416 3500 ὅσοι
440 3445 480 3509 είς
505 3442 611 3509 αὐτοὺς
634 3443 818 3517 ἐμπίπτουσι]
849 3463 905 3514 mg.
929 3464 965 3500 m.
998 3450 1014 3498 2
1038 3443 1070 3499 B.
1171 3449 1209 3498 17.
