2514 4012
319 201 596 254 marmorosum
613 202 722 253 mann
739 202 814 255 vin.
1008 200 1072 266 337

522 395 623 463 XXV.

128 518 162 584 si
190 521 254 585 duo
289 521 417 586 numeri
444 522 531 585 inter
558 542 593 585 se
620 522 781 587 rationem
807 521 945 606 habent,
977 543 1075 608 quam

62 626 164 692 cubus
187 648 340 691 numerus
364 627 406 693 ad
429 627 547 692 cubum
569 649 749 711 numerum,
773 631 806 693 et
828 627 951 711 primus
974 629 1075 695 cubus

60 736 125 816 est,
147 733 246 797 etiam
271 733 429 798 secundus
452 733 553 799 subus
578 733 647 799 erit.

127 837 199 903 Duo
224 840 310 903 enim'
332 840 458 904 numeri
480 845 518 922 A,
536 843 565 903 Β
583 840 668 904 inter
687 861 721 904 se
744 840 905 905 rationem
923 840 1076 927 habeant,

62 967 161 1030 quam
194 945 295 1010 cubus
322 966 475 1009 numerus
505 948 537 1009 Γ
561 945 601 1010 ad
628 946 746 1011 oubum
773 968 944 1012 numerum
971 957 1018 1033 Δ,
1046 952 1079 1014 et

61 1051 161 1117 cubus
190 1053 234 1116 sit
256 1057 298 1117 A.
344 1051 429 1136 dieo,
453 1051 553 1116 etiam
575 1056 604 1116 Β
628 1051 746 1117 oubam
770 1073 850 1117 esse.

128 1181 206 1224 nam
230 1159 385 1243 quoniam
408 1161 444 1242 Γ,
462 1163 496 1222 Δ
520 1157 594 1223 oubi
618 1161 703 1241 sunt,
725 1161 763 1243 Γ,
782 1164 815 1223 Δ
840 1160 961 1225 similes
980 1161 1077 1226 solidi
1133 1236 1136 1241 ¹

64 1269 148 1331 sunt.
200 1265 311 1349 itaque
344 1265 429 1328 inter
461 1267 502 1347 Γ,
522 1269 556 1328 Δ
588 1264 651 1328 duo
685 1264 784 1328 medii
816 1267 1076 1349 proportionales

63 1371 315 1454 interponuntur
346 1370 474 1434 numeri
505 1372 606 1454 [prop.
629 1369 732 1451 xlx}
787 1371 853 1435 iam
882 1375 962 1456 quot
993 1373 1078 1438 inter

61 1480 102 1561 Γ,
123 1482 156 1541 Δ
179 1476 354 1567 secundum
381 1476 626 1559 proportionem
650 1476 839 1540 continuam
867 1477 1078 1562 interponun-

272 1654 441 1702 Al———s
646 1652 872 1704 131——1

274 1760 305 1809 Βι
574 1773 577 1808 ι
825 1759 846 1809 Ζ

276 1866 474 1917 Γι----Ι
868 1827 872 1863 Ι
915 1842 918 1846 ⁴

275 1974 311 2022 Δι

65 2134 120 2195 tur
150 2132 292 2214 numeri,
328 2131 465 2196 totidem
498 2132 596 2195 etiam
629 2133 713 2196 inter
745 2153 815 2214 eos,
852 2131 908 2215 qui
945 2131 1079 2196 eandem

66 2238 229 2303 rationem
256 2237 392 2321 habent,
422 2239 673 2320 interponuntur
701 2240 807 2322 [prop.
830 2235 936 2319 VIII].
980 2258 1079 2322 quare

69 2344 168 2408 etiam
200 2345 286 2409 inter
308 2351 353 2426 A,
371 2349 400 2409 Β
428 2345 491 2409 dno
518 2345 617 2409 medii
647 2344 909 2428 proportionales
936 2345 1081 2428 interpo-

69 2453 191 2514 nuntur
221 2452 356 2515 numeri.
406 2452 656 2533 interponantur
685 2454 728 2533 E,
752 2455 789 2514 Z.
834 2451 899 2514 iam
927 2452 1081 2535 quoniam

66 2559 220 2640 quattuor
252 2557 378 2621 numeri
400 2562 445 2640 A,
465 2560 508 2640 E,
527 2561 569 2639 Ζ,
587 2561 616 2621 Β
639 2556 789 2638 deinceps
817 2557 1080 2639 proportionales

67 2666 155 2746 sunt,
175 2666 208 2726 et
223 2663 324 2727 cubus
343 2646 402 2725 est..
411 2667 451 2742 A,
471 2662 569 2726 etiam
587 2665 616 2725 Β
632 2661 732 2727 cubus
747 2664 797 2725 est
817 2663 922 2745 [prop.
935 2661 1080 2747 XXIII];

69 2768 155 2851 quod
178 2772 248 2835 erat
271 2768 568 2834 demonstrandum.
785 2753 788 2760 ’

516 2960 636 3029 XXVI.

136 3085 265 3153 Similes
294 3087 419 3152 numeri
446 3085 536 3170 plani
563 3085 649 3150 inter
676 3107 710 3149 se
738 3107 810 3149 eam
837 3084 998 3149 rationem
1026 3083 1081 3149 ha·

69 3192 156 3270 bont,
171 3215 268 3276 quam
283 3193 459 3277 quadratus
473 3213 625 3256 numerus
640 3191 680 3255 ad
695 3191 888 3274 quadratum
902 3212 1081 3256 numerum.

136 3297 208 3362 Sint
237 3298 359 3363 similes
387 3298 514 3364 numeri
545 3297 634 3381 plani
661 3303 701 3377 A,
727 3301 762 3363 Β.
812 3296 898 3381 dieo,
924 3303 957 3361 A
984 3297 1025 3361 ad
1052 3300 1082 3362 Β

70 3427 142 3471 eam
172 3406 332 3470 rationem
360 3403 494 3487 habere,
523 3425 619 3489 quam
643 3401 820 3485 quadratus
844 3424 996 3468 numerus
1026 3403 1084 3467 ha·

69 3513 147 3578 beat
170 3513 210 3577 ad
233 3511 427 3596 quadratum
450 3528 653 3574 numerum·

122 3626 273 3677 Euclides,
289 3625 339 3666 edd.
353 3626 456 3673 Helbere
469 3627 492 3664 et
507 3623 596 3670 Menae.
623 3622 656 3662 11.
888 3619 922 3669 ῃ
