2514 4012
383 217 659 269 mnunuronuu
676 218 786 270 uranu
803 219 865 271 vn.
1072 217 1136 282 219

118 380 121 388 ·
187 358 260 426 Sint
288 362 441 445 quattuor
468 361 594 426 numeri
615 361 877 445 proportionales
900 368 946 446 A,
969 365 1011 447 Β,
1033 365 1070 447 Γ,
1095 368 1139 450 Δ,

118 468 166 532 ita
184 470 222 532 ut
239 467 285 533 ait
302 473 335 531 A
350 489 358 532 ε
372 469 401 531 Β
416 497 458 522 ==
473 469 524 532 Γε
539 472 582 533 Δ.
615 466 697 552 dieo,
720 488 791 533 eese
809 467 909 533 etiam
928 471 1137 552 permutatim

118 579 151 637 A
165 596 172 637 ε
187 575 219 638 Γ
230 603 272 625 =
287 575 316 637 Β
332 596 340 637 t
355 579 397 639 A.

126 734 149 781 A
403 700 481 744 uam
508 678 663 766 quoniam
687 683 737 745 ost
756 686 810 744 A:
824 682 853 744 Β
869 709 911 733 =
925 683 976 746 Γε
991 687 1033 766 A,
1057 703 1138 767 quae

336 893 389 958 uel
407 895 519 977 partes
537 893 600 957 erit
618 893 718 959 etiam
732 895 765 958 Γ
778 891 905 957 numeri
924 898 958 959 A
979 893 1055 976 [def.
1070 895 1137 978 20].

286 1051 313 1099 A
335 1000 447 1084 itaque
479 999 689 1082 permutatim
721 1019 803 1083 quae
835 1020 913 1084 pers
941 1001 994 1066 uel
1025 1005 1137 1087 partes

130 802 147 810 ·
184 800 202 806 ·
234 809 252 1187 ¹
338 808 413 870 para
429 786 482 851 uel
496 789 606 870 partes
621 789 671 852 ost
688 792 721 850 A
738 786 865 851 numeri
878 789 917 870 Β,
931 785 1043 852 eadem
1062 810 1138 872 pare

177 1106 199 1154 Β
335 1109 385 1171 est
412 1112 444 1170 A
471 1105 599 1170 numeri
625 1107 667 1189 Γ,
695 1105 808 1171 eadem
838 1127 916 1191 pars
943 1106 997 1172 uel
1027 1112 1138 1192 partae

233 1209 260 1260 Γ
334 1216 384 1278 eet
417 1211 517 1276 etiem
549 1214 578 1276 Β
609 1211 736 1277 numeri
764 1216 799 1277 A
827 1214 931 1297 [prop.
954 1211 1010 1294 X].
1059 1235 1137 1301 ergo

135 1324 136 1331 ’
287 1338 306 1347 ·
333 1326 366 1384 A
384 1342 391 1382 :
410 1320 443 1383 Γ
457 1348 499 1371 =
518 1320 547 1382 Β
567 1340 575 1382 z
595 1323 628 1381 A
656 1315 732 1399 [def.
756 1317 827 1404 20];
867 1317 953 1403 quod
985 1323 1056 1385 eret
1083 1318 1138 1385 de-

119 1426 377 1495 monstrandum.

582 1616 669 1684 XIV.

186 1745 222 1813 Si
249 1744 412 1833 quotlibet
438 1742 565 1809 numeri
593 1741 662 1806 dati
690 1745 767 1809 suut
794 1746 827 1807 et
855 1742 910 1811 alii
938 1743 978 1808 iis
1001 1765 1136 1811 numero

119 1854 271 1941 aequales
294 1850 365 1917 bini
384 1848 481 1915 simul
499 1847 662 1913 ooniunoti
680 1851 714 1913 et
732 1849 767 1913 in
786 1847 897 1915 eadem
916 1851 1137 1938 proportione,

117 1963 217 2028 etiem
241 1981 280 2026 ex
303 1979 407 2044 aequo
430 1956 465 2021 in
489 1955 601 2021 eadem
624 1954 836 2040 proportione
859 1958 963 2022 erunt.

185 2065 259 2133 Sint
287 2063 448 2152 quotlibet
476 2060 604 2126 numeri
626 2066 667 2146 A,
690 2063 729 2145 Β,
753 2063 786 2126 Γ
804 2063 838 2125 et
859 2060 916 2126 alii
938 2061 978 2126 iis
1001 2084 1136 2132 numero

117 2174 269 2259 aequales
299 2168 370 2235 bini
398 2167 495 2233 simul
526 2167 691 2234 ooniunoti
719 2167 752 2232 in
780 2166 892 2234 eadem
919 2171 1134 2254 proportione

118 2792 166 2869 A,
188 2789 231 2871 E,
255 2790 297 2871 Z,
319 2786 367 2853 ita
390 2792 427 2853 ut
451 2789 495 2853 sit
517 2791 789 2853 A:B=A:E
811 2791 843 2854 et
866 2790 1137 2853 Mam.

117 2893 199 2971 dieo,
223 2914 293 2959 esso
316 2895 415 2959 etiam
440 2915 478 2959 ex
501 2916 605 2979 aequo
628 2901 660 2959 A
675 2917 683 2960 z
697 2896 730 2959 Γ
741 2925 783 2948 =
798 2901 854 2959 A:
869 2898 905 2959 Z.

185 3020 261 3064 nam
285 3001 439 3084 quoniam
463 3004 513 3066 est
535 3004 689 3066 A113==
706 3008 739 3066 A
754 3024 761 3065 :
776 3005 819 3086 Β,
842 2999 1051 3086 permutatim
1075 2998 1138 3065 erit

117 3111 149 3170 A
164 3128 172 3170 z
187 3111 221 3169 A
236 3135 278 3158 =
292 3109 321 3171 Β
338 3111 393 3172 :E
415 3110 519 3193 [prop.
542 3106 647 3189 XIII}
692 3130 804 3174 rursus
829 3108 981 3193 quoniam
1001 3109 1052 3171 eet

490 3218 518 3279 Β
533 3237 540 3278 :
555 3216 587 3279 Γ
597 3243 639 3268 =
655 3218 706 3279 E:
722 3218 762 3296 Z,

117 3319 331 3402 permutatim
354 3321 415 3384 erit
434 3324 522 3385 BtE
532 3351 573 3375 ει·
584 3323 616 3386 Γ
622 3326 667 3386 :Z
693 3320 772 3402 [id.].
810 3319 865 3386 sed
884 3322 1024 3385 13:13-
1034 3323 1066 3385 A
1076 3342 1084 3384 t
1094 3324 1138 3386 A.
