2514 4012
531 222 721 275 specuum.
1065 222 1130 288 429

117 390 215 434 causo
233 368 332 433 ctiam
351 367 478 452 quoties
498 387 591 430 arcus
605 368 679 430 ΝΕ
695 365 865 450 multiplex
882 369 933 431 est
950 389 1043 432 arcus
1058 372 1130 453 EZ,

119 475 217 539 toties
241 473 342 539 etiam
366 477 472 538 sector
491 475 597 536 ΘΕΝ
617 471 751 536 sectoris
770 476 866 537 ΘΕΖ
884 472 1055 557 multiplex
1073 479 1131 540 est

119 602 198 666 ergo
227 581 255 645 si
283 603 347 647 οτο.
365 584 431 645 BA
446 609 488 632 =
504 601 566 644 arc.
580 582 663 659 ΕΝ,
694 578 755 644 erit
784 582 859 644 sect.
878 582 951 643 BH
952 584 983 644 A
998 609 1040 632 =
1055 585 1131 646 sect.

120 690 230 771 ΕΘΝ,
243 690 276 752 et
291 687 320 751 si
334 708 396 752 ατο.
410 690 475 751 BA
489 695 524 761 >
539 708 601 752 arc.
616 689 695 770 ΕΝ,
714 685 776 750 erit
791 688 867 751 sect.
886 689 961 750 BH
961 690 992 751 A
1006 696 1041 760 >
1056 690 1132 753 sect

118 794 235 879 ΘΕΝ,
271 797 304 858 et
336 793 364 857 si
397 815 459 859 arc.
482 796 548 858 BA
566 802 602 866 <
620 815 684 859 ατο.
702 796 786 876 ΕΝ,
821 793 882 857 erit
920 793 1018 857 etiam
1055 795 1133 858 sect.

119 905 193 965 BH
195 905 226 965 A
241 910 275 973 <
290 903 365 965 sect.
379 903 491 965 ΕΘΝ.
528 899 612 963 datis
636 899 736 984 igitur
759 902 913 984 quattuor
936 899 1133 985 magnitudi-

119 1008 215 1072 nibus
243 1007 368 1074 duobus
399 1006 538 1071 arcubus
562 1007 633 1090 ΒΓ,
661 1009 723 1069 ΕΖ
747 1009 780 1071 et
802 1006 927 1071 duobus
952 1006 1132 1071 sectoribus

120 1117 229 1198 HBF,
253 1117 358 1196 ΕΘΖ,
381 1134 474 1177 arcus
493 1115 559 1176 ΒΓ
577 1115 610 1176 et
633 1112 768 1178 sectoris
786 1115 893 1177 ΗΒΓ
916 1113 1038 1196 sumpti
1057 1115 1134 1178 sunt

120 1242 220 1305 aeque
252 1221 448 1304 multiplices
482 1240 575 1284 arcus
603 1223 669 1283 BA
697 1223 729 1283 et
757 1223 862 1284 sector
888 1224 1007 1302 HBA,
1040 1239 1133 1285 arcus

120 1330 229 1391 cutem
259 1331 321 1391 EZ
349 1331 381 1391 et
409 1327 543 1391 sectoris
571 1329 667 1390 ΘΕΖ
698 1346 797 1410 aeque
820 1327 1015 1410 multiplices
1039 1347 1133 1390 orcus

120 1436 196 1496 ΕΝ
225 1436 258 1498 et
288 1437 393 1498 sector
420 1437 531 1498 ΘΕΝ.
577 1437 610 1498 et
637 1432 895 1498 demonstratum
923 1436 986 1516 est,
1014 1433 1042 1497 si
1069 1453 1133 1498 are.

121 1542 187 1603 BA
206 1549 242 1615 >
262 1561 324 1604 arc.
344 1543 425 1623 ΕΝ,
450 1561 520 1609 esse
539 1541 638 1605 etiem
658 1543 734 1604 sect.
754 1542 858 1604 ΒΗΛ
876 1548 912 1614 >
931 1542 1007 1604 sect.
1021 1542 1134 1622 ΕΘΝ,

122 1647 151 1710 si
179 1646 322 1730 aequalis
350 1646 406 1731 sit,
439 1647 619 1732 aequalem,
644 1646 672 1711 si
697 1646 818 1731 minor,
845 1648 1011 1711 minorem.
1056 1665 1134 1730 ergo

123 1774 186 1818 arc.
202 1756 288 1818 BF:
302 1775 365 1818 arc.
379 1756 443 1817 ΕΖ
457 1784 499 1807 --
515 1758 589 1819 sect.
604 1756 711 1818 ΗΒΓ
720 1777 727 1817 :
742 1757 819 1818 sect.
833 1756 931 1818 ΘΕΖ
955 1752 999 1835 [V
1015 1752 1076 1817 def.
1091 1751 1134 1833 51.

121 1895 166 1906 —
189 1857 414 1924 Corollarium.
440 1896 478 1905 -
504 1863 537 1924 et
560 1857 708 1943 adparet,
736 1859 942 1938 essentiam,
969 1862 1007 1924 ut
1030 1862 1136 1924 sector

123 1965 164 2029 ad
187 1970 354 2052 sectorem,
377 1967 425 2031 ito
448 1965 604 2050 angulum
628 1965 669 2030 ad
692 1962 885 2051 angulum.¹)

484 2159 592 2245 Uulgo
615 2158 694 2245 VII,
717 2160 770 2224 20.

190 2283 225 2349 Si
258 2290 326 2349 tres
357 2284 485 2349 numeri
522 2284 785 2370 proportionales
818 2288 907 2369 sunt,
943 2284 1135 2368 productum

126 2394 342 2455 extremorum
374 2391 508 2475 aequale
535 2395 586 2456 est
616 2392 775 2476 quadrato
798 2391 905 2457 medii.
951 2390 1036 2456 etsi
1063 2413 1136 2476 pro·

124 2493 256 2559 ductum
279 2500 497 2560 extremorum
521 2498 658 2581 aequale
678 2500 728 2561 est
754 2497 914 2582 quadrato
938 2497 1045 2582 medii,
1068 2501 1136 2563 tres

126 2600 254 2666 numeri
277 2600 326 2664 illi
350 2600 608 2684 proportionales
634 2605 718 2666 sunt.

197 2814 223 2881 1)
243 2812 303 2866 Hoc
322 2808 513 2878 corollarium,
532 2808 607 2877 quod
626 2826 641 2863 o
660 2811 783 2880 genuina
800 2810 992 2881 propositione
1010 2811 1136 2867 Euclidis

123 2883 207 2938 focile
232 2881 390 2950 deriuatur,
413 2880 471 2936 ium
494 2897 511 2935 a
530 2880 674 2936 Zenodoro
685 2886 846 2970 usurpatur
870 2885 926 2968 (op.
945 2882 1116 2938 Thoonem
1107 2901 1138 2937 m

124 2953 243 3009 Ptolem.
269 2973 297 3024 p.
324 2960 356 3007 12
378 2954 420 3009 ed.
440 2953 539 3009 Banu:
564 2947 653 3015 ὡςδ’
680 2950 801 3024 ὁτομεν
791 2950 906 3036 ruptis
924 2948 974 3007 τόν
992 2952 1094 3036 τομέα,
1118 2950 1135 3023 ἡ

125 3022 402 3092 υνιιόωΕΘΛγία
372 3021 495 3090 ιαιιρός
518 3019 610 3092 trivo
599 3018 789 3096 ιιόΜΘΑ),
812 3022 867 3078 nisi
889 3022 930 3078 ibi
954 3023 1086 3079 Theon
1076 3041 1137 3094 rpse

124 3111 152 3164 p.
145 3044 314 3164 πο12,4ερ.
333 3095 452 3150 addidit.

125 3307 268 3361 Ainras.
288 3326 324 3361 m.
343 3307 414 3362 BV.
505 3315 546 3364 16.
567 3309 642 3380 ἴσος]
663 3310 707 3378 ἴση
729 3309 759 3362 V.
851 3313 892 3363 18.
913 3309 1012 3380 ΘΕΖ]
1034 3308 1136 3365 ΘΕΡ.

127 3383 208 3431 19.ιι
188 3373 311 3448 όρισ
293 3379 403 3466 α’.]οττ
422 3377 562 3466 PBrvp.
650 3379 1137 3452 22FVmegm1ng

126 3466 162 3502 m.
181 3465 236 3504 rec.
273 3445 408 3520 u'FVp
483 3456 525 3504 24.
545 3445 579 3522 ὁ]
600 3450 731 3520 supraP.
