2514 4012
323 204 598 256 munnuronuu
616 205 725 256 oman
742 205 789 257 vr.
1005 202 1070 269 105

58 348 190 413 ductam
214 350 337 413 rectam
360 347 500 412 mediam
524 348 610 412 inter
636 351 747 432 partes
776 349 864 414 basis
886 349 1071 433 proportio-

56 453 166 519 nalem
189 453 269 520 fore.
296 490 332 502 -
360 454 446 538 quod
470 458 541 520 erat
563 453 888 540 demonstrandum.¹)

540 614 596 680 IX.

124 720 155 785 A
170 721 346 786 datarecta
359 721 447 788 linea
456 726 583 807 partem
593 722 742 806 quamuis
754 720 865 789 datam
875 720 1072 789 abscindere.

57 824 109 892 Sit
136 825 214 891 data
240 830 330 892 recta
353 832 428 893 ΑΒ.
471 832 602 913 oportet
629 829 730 914 igitur
759 829 800 894 ab
824 832 891 894 AB
923 829 1071 914 quamuis

57 933 170 999 datam
194 937 321 1019 partem
345 934 543 1000 abscindere.

126 1041 170 1105 sit
193 1040 270 1105 data
292 1061 369 1125 pars
389 1041 500 1128 tertia,
529 1045 562 1107 et
584 1042 720 1109 ducatur
744 1065 763 1107 a
784 1046 905 1127 puncto
929 1049 962 1108 Α
983 1046 1073 1108 recta

511 1152 582 1215 ΑΓ
597 1171 670 1216 cum
689 1154 755 1214 ΑΒ
774 1149 953 1234 quemlibet
971 1170 1074 1236 angu-

255 1308 290 1363 Ε
349 1221 381 1276 Γ
511 1257 580 1322 lum
605 1254 889 1341 comprehendens,
908 1257 941 1319 et
965 1277 1073 1321 suma-

182 1396 213 1454 Λ
512 1367 565 1429 tur
581 1363 614 1428 in
630 1370 662 1429 A
668 1366 700 1429 Γ
710 1362 847 1449 quoduis
861 1365 1020 1446 punctum
1030 1366 1073 1447 A,

511 1473 545 1536 et
564 1474 705 1557 ponatur
724 1473 794 1534 ΔΕ
806 1499 847 1523 ·=
863 1473 935 1534 ΑΔ
946 1499 988 1522 =
1001 1471 1073 1555 EF,

61 1583 105 1645 A
195 1586 220 1644 Z
381 1588 417 1648 B
510 1580 543 1644 et
566 1576 702 1643 ducatur
724 1579 796 1662 ΒΓ,
819 1579 853 1640 et
874 1597 932 1660 per
951 1579 985 1639 A
1007 1597 1074 1642 rec·

56 1686 112 1748 tae
131 1686 199 1748 ΒΓ
216 1683 376 1767 parallela
399 1683 535 1748 ducatur
557 1689 592 1748 A
598 1689 625 1748 Z
650 1683 689 1768 [1,
708 1684 775 1766 31].

126 1790 192 1855 iam
217 1790 371 1873 quoniam
394 1790 429 1855 in
451 1790 617 1876 triangulo
641 1794 744 1857 ΑΒΓ
763 1791 820 1856 uni
847 1791 987 1856 latorum
1011 1791 1078 1853 ΒΓ

57 1896 217 1982 parallelo
241 1894 339 1962 ducta
362 1900 412 1962 est
436 1900 516 1980 ΖΔ,
539 1895 602 1962 erit
626 1898 731 1982 [prop.
749 1896 795 1978 II]

127 2007 195 2070 ΓΔ
208 2028 216 2070 :
231 2008 302 2070 ΔΑ
318 2034 360 2058 -=
375 2008 439 2069 ΒΖ
453 2027 460 2068 :
476 2008 549 2069 ZA.
599 2003 654 2068 sed
679 2004 746 2077 ΓΔ
760 2034 802 2057 =
817 2003 839 2068 2
853 2008 933 2068 ΔΑ.
975 2023 1074 2088 quare

59 2109 160 2176 ctiam
183 2114 248 2175 ΒΖ
262 2141 304 2163 =
320 2111 340 2175 2
357 2115 430 2175 ZA.
470 2110 580 2195 itaque
602 2113 670 2174 BA
684 2140 727 2163 =
742 2109 762 2174 3
777 2114 851 2177 AZ.

126 2216 217 2302 Ergo
251 2239 271 2280 a
300 2216 376 2281 data
408 2219 498 2281 recta
525 2219 591 2280 AB
619 2215 719 2280 tertia
749 2237 825 2300 pars
853 2222 886 2281 Α
892 2221 919 2280 Ζ
947 2215 1075 2282 abscisa

59 2325 125 2408 cst,
148 2327 185 2389 ut
207 2324 287 2389 iussi
308 2344 449 2406 eramus3
473 2322 560 2407 quod
584 2322 757 2408 oportebat
778 2323 857 2388 fieri.

548 2482 587 2548 X.

133 2588 253 2654 Datam
286 2593 409 2655 rectam
442 2590 562 2654 lineam
592 2611 658 2654 non
691 2592 811 2654 sectam
843 2589 937 2654 datae
971 2594 1077 2655 sectae

60 2700 281 2781 congruenter
305 2717 420 2761 secare.

136 2838 162 2906 1)
182 2837 255 2891 Nam
279 2835 532 2890 demonstrauimus
554 2853 582 2905 p.
607 2839 672 2901 102,
696 2840 712 2889 0
738 2852 779 2904 sq.
817 2838 869 2888 ΒΔ
883 2857 890 2889 2
906 2839 958 2888 ΔΑ
973 2860 1007 2882 =
1022 2840 1076 2890 ΑΔ

61 2912 149 2964 :An
186 2907 298 2977 reliqua
319 2924 384 2977 pars
407 2905 548 2962 corollarii
570 2924 597 2976 p.
615 2911 673 2973 102,
693 2911 728 2961 26
747 2923 789 2975 sq.
808 2905 867 2960 sine
886 2904 972 2961 dubio
989 2906 1074 2961 inter-

59 2979 162 3050 polata
180 2981 235 3045 est;
254 2995 322 3032 nam
341 2979 454 3047 etpost
471 2978 635 3033 sollemnem
653 2976 735 3032 illum
758 2977 841 3032 finem
861 2977 1075 3032 demonstratio-

58 3063 130 3106 num
148 3049 415 3117 corollariorumquc
434 3044 504 3116 ὅπερ
523 3044 584 3104 ἔδει
602 3049 694 3115 δεῖξαι
711 3068 739 3118 p.
756 3055 816 3116 102,
830 3054 865 3103 26
879 3048 993 3104 additur
1012 3049 1076 3103 eta

57 3120 144 3176 bonis
154 3122 234 3178 codd.
245 3120 398 3175 Theoninis
413 3122 513 3176 aberat
524 3136 577 3175 nec
591 3137 709 3190 usquam
723 3119 786 3175 usui
801 3121 851 3174 cst.
879 3119 967 3174 habet
979 3122 1075 3174 tamen

59 3189 220 3260 Campanus
244 3192 273 3246 et
290 3190 326 3260 P,
350 3208 521 3261 quamquam
545 3191 605 3246 sine
629 3190 755 3246 clausula
776 3191 835 3246 illa.
871 3189 968 3259 itaque
992 3192 1021 3245 et
1044 3190 1074 3245 in

57 3262 204 3318 nonnullis
233 3262 313 3317 codd.
347 3264 412 3316 ante
441 3262 583 3316 Thoonem
612 3264 641 3316 et
667 3262 696 3316 in
725 3260 892 3332 quibusdam
921 3261 1074 3318 Theoninis

58 3333 145 3389 simul
164 3335 264 3404 sponte
283 3333 454 3402 interpolata
472 3335 522 3387 est.

98 3464 140 3514 20.
164 3459 270 3530 τρίτον]
294 3458 324 3513 in
347 3475 399 3512 ras.
424 3456 453 3514 F.
532 3464 574 3513 22.
595 3457 727 3529 δοθείσῃ]
747 3456 781 3527 P,
802 3457 975 3527 Simplicius,
994 3458 1073 3514 Cam-

57 3547 167 3601 panum
186 3533 306 3602 δοθείσῃ
325 3523 430 3604 εὐθείᾳ
448 3527 546 3584 Theon
566 3527 700 3599 (BFVp).
