2514 4012
326 170 601 222 ELEMENTORUM
618 170 728 220 LIBER
745 171 794 222 111.
1010 165 1075 230 219

129 337 171 380 ne
195 316 240 380 sit
262 314 363 399 enim,
397 313 467 398 sed,
500 312 529 378 si
551 313 622 376 fieri
645 316 766 397 potest,
794 312 839 376 sit
860 316 901 396 Z,
925 315 958 376 et
981 311 1076 376 duca·

59 424 116 486 tur
137 423 209 486 ΓΖ.
455 434 458 440 ·
921 415 923 420 ’

129 527 284 612 quoniam
307 526 461 591 circulum
485 527 588 590 ΑΒΓ
606 525 770 610 contingit
792 528 882 590 recte
901 528 978 610 ΔΕ,
1002 528 1034 588 et
1058 547 1077 589 a

58 637 174 700 centro
202 633 244 699 ad
270 635 428 717 punctum
457 633 624 696 contactus
648 630 746 695 ductu
769 633 820 694 est
843 633 919 714 ΖΓ,
952 634 1017 697 ΖΓ
1036 631 1077 695 ed

61 743 134 804 ΔΕ
154 737 431 825 perpendicularis
455 740 507 802 est
525 737 630 821 [prop.
644 735 780 817 XVHI].
804 736 913 821 itaque
936 743 958 812 L
982 740 1079 803 ΖΓΕ

59 848 169 910 rectus
193 849 252 910 est
287 867 400 910 uerum
423 843 521 908 etiem
544 849 566 918 L
590 844 691 907 ΑΓΕ
712 844 829 907 rectus.
866 863 966 926 quare

593 951 729 1024 [ΖΓΕ
742 978 785 1001 --
800 950 914 1033 ΑΓΕ,

432 1056 541 1121 minor
555 1054 686 1138 maieri3
701 1055 787 1140 quod
801 1055 871 1119 fieri
880 1077 946 1120 non
955 1058 1077 1141 potest.

361 1147 391 1202 B
433 1163 543 1247 itaque
581 1164 608 1225 Z
645 1164 791 1227 centrum
829 1162 940 1227 circuli
977 1166 1082 1229 ΑΒΓ

433 1289 501 1332 ncn
520 1271 577 1334 est
605 1267 753 1332 similiter
772 1267 1079 1351 demonstrabimus,

441 1395 482 1438 ne
514 1372 601 1437 uliud
630 1373 759 1457 quidem
786 1373 890 1439 ullum
919 1378 1076 1459 punctum

442 1483 533 1544 extra
555 1481 626 1544 ΑΓ
643 1479 787 1564 positum
811 1483 957 1546 centrum
981 1472 1059 1547 esse.

129 1584 221 1670 Ergo
244 1585 273 1649 si
296 1588 384 1650 recte
403 1585 558 1651 circulum
578 1587 748 1671 contingit,
772 1590 805 1652 et
825 1610 845 1652 e
862 1590 982 1672 puncto
1001 1609 1077 1653 con·

59 1694 170 1758 tactus
198 1691 238 1756 ad
267 1691 508 1778 contingentem
538 1692 814 1778 perpendicularis
838 1693 966 1758 ducitur
989 1697 1078 1759 recte

63 1799 166 1880 linea,
201 1800 347 1863 centrum
380 1798 495 1863 circuli
526 1799 562 1863 in
595 1798 693 1864 ducta
722 1802 811 1864 recta
843 1800 988 1885 positum
1015 1805 1079 1881 ert3

63 1904 152 1987 quod
176 1906 246 1967 erat
269 1902 565 1970 demonstrandum.

533 2080 604 2146 XX.

130 2203 170 2268 In
194 2203 312 2268 circulo
333 2206 471 2289 angulus
490 2205 532 2270 ud
551 2208 698 2269 centrum
717 2204 845 2289 positus
860 2203 958 2289 duplo
972 2206 1078 2271 maior

61 2315 115 2375 est
133 2311 255 2395 angulo
273 2310 315 2374 ud
334 2312 492 2376 ambitum
510 2312 629 2397 posito,
647 2311 674 2376 si
690 2310 801 2395 anguli
816 2311 952 2377 eundem
967 2335 1077 2377 arcum

62 2418 171 2483 busim
192 2417 323 2482 habent.

132 2521 182 2587 Sit
205 2522 343 2589 circulus
362 2527 471 2604 ΑΒΓ,
494 2524 592 2590 etad
615 2527 763 2588 centrum
783 2524 851 2588 eius
872 2524 1010 2608 angulus
1034 2524 1077 2588 sit

63 2633 175 2713 ΒΕΓ,
206 2629 246 2693 ad
275 2629 433 2695 ambitum
463 2635 571 2696 autem
599 2633 711 2712 ΒΑΓ,
741 2632 774 2695 et
803 2629 939 2694 eundem
968 2651 1078 2694 arcum

61 2736 169 2801 basim
191 2734 336 2800 habeant
358 2740 428 2803 ΒΓ.
454 2736 534 2821 dice,
557 2758 627 2801 erse
650 2739 840 2812 [ΒΕΓΞ
855 2736 875 2799 2
890 2738 997 2800 ΒΑΓ.

131 2843 229 2908 ducta
252 2843 338 2906 enim
365 2848 430 2908 ΑΕ
452 2843 493 2907 ad
517 2847 544 2907 Z
568 2844 731 2908 educetur.
768 2843 834 2907 iem
858 2842 1011 2927 quoniam

466 2954 534 3014 EA
548 2980 591 3004 =
605 2954 682 3031 ΕΒ,

63 3057 128 3121 crit
151 3061 173 3131 L
192 3059 294 3120 ΕΑΒ
310 3085 352 3108 =
368 3060 469 3121 ΕΒΑ
489 3055 529 3141 [1,
552 3056 597 3137 5].
633 3057 744 3140 itaque

429 3185 571 3190 .----..
716 3185 751 3190 .-....
755 3183 846 3190 ——-
850 3183 918 3188 -—-
924 3185 929 3189 ,

61 3229 113 3304 δή]
133 3248 202 3288 corr.
222 3249 257 3286 ex
274 3233 324 3286 δεῖ
337 3250 374 3287 ιιι.
392 3248 448 3287 ree.
466 3231 496 3287 P.
552 3227 620 3287 οὐδὲ
640 3233 695 3301 Bp.
752 3237 793 3284 10.
813 3226 877 3300 ἐπί]
897 3245 951 3284 om.
969 3228 1054 3299 BFp.

63 3310 106 3358 11.
126 3297 249 3372 ἅπτηται
267 3303 289 3357 F
308 3309 390 3368 m.1;
415 3320 485 3358 corr.
503 3322 539 3358 m.
555 3310 580 3359 2.
673 3309 714 3357 12.
740 3297 831 3370 ὀρθὰς
848 3302 953 3370 γωνίας
975 3301 1028 3369 Vp.

64 3380 108 3430 15.
132 3371 233 3447 κβΤ.
298 3380 339 3430 16.
358 3371 441 3447 πρός]
463 3369 494 3428 ἒν
512 3393 540 3444 p.
614 3380 656 3430 17.
676 3369 752 3427 ἐστίν
771 3373 802 3426 Β.
875 3377 917 3425 22.
937 3372 1005 3443 ΒΓ]
1028 3375 1078 3426 ΓΒ

62 3446 94 3500 F.
150 3448 236 3500 ΒΕΓ
250 3447 341 3514 γωνία
360 3446 422 3516 τῆς]
442 3448 498 3499 ΒΓ
514 3443 586 3514 λέγω
605 3441 649 3499 ὅτι
669 3461 726 3513 seq.
746 3460 799 3498 rus,
820 3449 836 3496 3
855 3442 910 3497 litt.
930 3461 960 3510 φ.
1034 3449 1078 3498 24.

62 3513 132 3588 γάρ]
151 3515 185 3572 δέ
203 3517 240 3584 F;
260 3533 331 3572 corr.
349 3534 385 3572 m.
401 3522 426 3571 2.
499 3523 542 3571 25.
562 3518 608 3584 ἴση
626 3515 691 3586 καί]
712 3517 757 3583 ἴση
777 3511 835 3569 ἐστὶ
853 3514 906 3568 καί
921 3531 948 3582 p.
