2514 4012
323 199 597 252 ELEMENTORUM
616 201 725 252 LIBER
743 203 774 254 V.
1029 200 1070 265 13

535 343 593 409 ΙΠ.

120 465 156 532 si
168 467 276 553 prima
296 469 454 533 secundae
469 472 502 533 et
520 470 618 534 tertia
637 471 772 554 quartae
792 490 892 553 aeque
912 469 1069 554 multipli-

55 595 106 639 ces
127 577 212 659 sunt,
231 577 264 638 et
278 575 402 659 primae
416 575 596 661 tertiaeque
611 597 712 660 aeque
726 574 923 658 multiplices
938 598 1070 640 sumun-

55 683 118 765 tus,
137 681 238 746 etiam
252 703 291 745 ex
310 703 413 766 aequo
421 680 446 765 1)
466 681 728 767 magnitudinum
750 673 952 766 sumptarum
967 682 1070 747 altera

56 787 214 853 secundae
237 788 342 852 altera
365 791 500 873 quartae
533 809 633 873 aeque
660 788 857 873 multiplices
885 791 980 852 erunt
1008 788 1070 852 sin-

56 893 151 978 gulae
175 893 388 978 singularum.

55 1029 309 1077 Αι--ε-ι--ι
581 1001 668 1068 Nam
686 1002 791 1087 prima
814 1005 846 1064 A
868 1000 1069 1065 secundaeB

56 1151 163 1201 mm,
537 1111 571 1174 et
592 1110 690 1174 tertia
707 1111 740 1173 Γ
759 1111 893 1193 quartae
912 1113 946 1170 Δ
969 1128 1070 1190 aeque

286 1241 315 1290 J(
507 1215 604 1291 zsint
622 1214 828 1299 multiplices,
849 1218 881 1279 et
900 1216 1071 1278 sumantur

56 1310 84 1362 ΕΙ
300 1327 521 1372 ἴ-ὁ--ῑ
536 1320 797 1407 magnitudinum
839 1327 885 1405 A,
901 1323 933 1384 Γ
970 1341 1068 1404 aeque

56 1453 231 1504 Il——l—-l——'
429 1454 431 1458 ⁴
535 1428 730 1513 multiplices
766 1430 845 1510 EZ,
858 1430 936 1492 ΗΘ.
990 1425 1070 1509 dico,

539 1539 601 1599 EZ
637 1533 872 1618 magnitudinis
903 1537 985 1597 Bet
1001 1536 1070 1599 ΗΘ

208 1670 233 1718 A
537 1641 772 1726 magnitudinis
788 1647 821 1705 A
840 1661 940 1724 aeque
961 1639 1070 1704 multi·

55 1738 396 1792 ffl—l--lfl
538 1749 640 1832 plicas
663 1769 742 1812 esse.

122 1875 200 1918 nam
230 1856 384 1939 quoniam
412 1860 474 1919 ΕΖ
502 1853 738 1939 magnitudinis
762 1857 794 1916 A
808 1856 841 1917 et
854 1856 922 1917 ΗΘ
945 1853 1070 1938 magni·

31 1958 180 2025 ·tudinis
209 1963 241 2025 Γ
265 1983 366 2046 aeque
394 1959 591 2045 multiplices
620 1962 710 2042 sunt,
738 1961 818 2042 quot
846 1961 922 2023 sunt
950 1958 985 2022 in
1006 1962 1070 2022 ΕΖ

56 2067 297 2151 magnitudines
321 2067 540 2153 magnitudini
563 2072 595 2131 A
618 2066 781 2152 aequales,
809 2064 948 2131 totidem
971 2065 1070 2130 etiam

58 2173 93 2237 in
116 2177 183 2238 ΗΘ
206 2180 283 2240 sunt
313 2175 531 2260 magnitudini
559 2177 591 2239 Γ
616 2174 776 2259 aequales.
819 2172 984 2237 diuidatur
1011 2175 1069 2238 ΕΖ

56 2281 90 2344 in
113 2282 355 2366 magnitudines
384 2281 601 2367 magnitudini
624 2286 656 2345 A
676 2281 826 2366 aequales
846 2282 927 2359 ΕΚ,
941 2282 1018 2360 ΚΖ,
1039 2283 1071 2343 et

57 2391 126 2452 ΗΘ
157 2388 191 2452 in
222 2389 465 2472 magnitudines
497 2387 717 2473 magnitudini
749 2389 781 2450 Γ
810 2386 959 2470 aequales
988 2389 1070 2468 HA,

58 2497 132 2558 Aa).
179 2495 240 2558 erit
276 2495 377 2579 igitur
412 2516 567 2559 numerus
603 2492 862 2579 magnitudinum
900 2496 983 2574 ΕΚ,
1003 2496 1069 2556 ΚΖ

58 2622 192 2666 numero
208 2600 468 2686 magnitudinum
487 2603 522 2663 H
528 2604 558 2663 A
564 2649 573 2682 ,
589 2604 620 2663 A
625 2604 653 2663 Θ
674 2599 826 2682 aequalis.
864 2602 897 2662 et
915 2599 1069 2682 quoniam

57 2715 91 2773 A
112 2707 349 2793 magnitudinis
373 2710 450 2771 Bet
465 2709 497 2770 Γ
517 2705 750 2790 magnitudinis
774 2711 808 2769 A
832 2726 932 2789 aeque
963 2704 1070 2769 multi·

57 2816 158 2901 plicas
179 2818 263 2897 sunt,
283 2818 315 2878 et
333 2816 403 2877 ΕΚ
417 2843 458 2865 =
474 2819 521 2896 A,
541 2816 612 2876 HA
628 2843 670 2865 =
684 2816 727 2895 Γ,
747 2815 842 2877 erunt
861 2816 926 2877 ΕΚ
946 2812 1071 2896 magni·

56 2921 181 2985 tudinis
210 2925 290 2985 Bet
308 2924 379 2983 HA
412 2918 645 3004 magnitudinis
674 2925 708 2983 A
736 2941 835 3004 aeque
863 2917 1072 3002 multiplices.

58 3028 170 3092 eadem
201 3028 239 3091 de
272 3049 370 3092 causa
398 3030 465 3091 KZ
493 3027 727 3111 magnitudinis
757 3030 834 3091 Bet
848 3029 913 3089 Aa
944 3025 1071 3109 magni·

58 3134 182 3199 tudinis
208 3139 240 3197 A
264 3155 363 3218 aeque
391 3134 587 3217 multiplices
618 3136 702 3197 sunt.
738 3133 803 3197 iam
827 3132 981 3217 quoniam
1006 3132 1070 3215 pri-

55 3263 111 3305 ma
138 3244 208 3304 ΕΚ
234 3241 390 3305 secundae
419 3245 447 3304 Β
477 3244 510 3304 et
538 3240 636 3305 tertia
659 3243 730 3303 HA
754 3242 889 3324 quartae
913 3244 947 3302 A
970 3259 1070 3322 aeque

55 1581 135 1628 ΔΗ

124 3452 227 3578 ,1)ἛΗίο
241 3469 297 3506 non
315 3451 427 3521 proprie
442 3450 479 3505 ad
493 3450 685 3505 definitionem
703 3447 852 3505 rationis
872 3443 913 3503 δι’
936 3451 997 3503 ἴσον
1012 3450 1072 3519 (17)-

56 3539 160 3594 resp1ci
174 3541 214 3579 ur.
