<?xml version="1.0" encoding="UTF-8"?>
<!DOCTYPE html PUBLIC "-//W3C//DTD XHTML 1.0 Transitional//EN"
    "http://www.w3.org/TR/xhtml1/DTD/xhtml1-transitional.dtd">
<html xmlns="http://www.w3.org/1999/xhtml" xml:lang="en" lang="en">
 <head>
  <title>
</title>
<meta http-equiv="Content-Type" content="text/html;charset=utf-8" />
  <meta name='ocr-system' content='tesseract 3.04.00' />
  <meta name='ocr-capabilities' content='ocr_page ocr_carea ocr_par ocr_line ocrx_word'/>
</head>
<body>
  <div class='ocr_page' id='page_1' title='image "./euclidisoperaom03unkngoog_0774.png"; bbox 0 0 2514 4012; ppageno 0'>
   <div class='ocr_carea' id='block_1_1' title="bbox 381 203 1130 269">
    <p class='ocr_par' dir='ltr' id='par_1_1' title="bbox 381 203 1130 269">
     <span class='ocr_line' id='line_1_1' title="bbox 381 203 1130 269; baseline 0.017 -15"><span class='ocrx_word' id='word_1_1' title='bbox 381 204 657 263; x_wconf 78' lang='lat' dir='ltr'><strong>murmurouuu</strong></span> <span class='ocrx_word' id='word_1_2' title='bbox 673 205 783 257; x_wconf 73' lang='lat' dir='ltr'><strong>mama</strong></span> <span class='ocrx_word' id='word_1_3' title='bbox 801 205 848 260; x_wconf 86' lang='lat' dir='ltr'><strong>m.</strong></span> <span class='ocrx_word' id='word_1_4' title='bbox 1065 203 1130 269; x_wconf 78' lang='lat'><strong>397</strong></span> 
     </span>
    </p>
   </div>
   <div class='ocr_carea' id='block_1_2' title="bbox 117 346 1132 842">
    <p class='ocr_par' dir='ltr' id='par_1_2' title="bbox 117 346 1132 842">
     <span class='ocr_line' id='line_1_2' title="bbox 184 346 1131 434; baseline 0.001 -20"><span class='ocrx_word' id='word_1_5' title='bbox 184 371 260 414; x_wconf 91' lang='lat' dir='ltr'><strong>nam</strong></span> <span class='ocrx_word' id='word_1_6' title='bbox 291 349 443 434; x_wconf 86' lang='lat' dir='ltr'><strong>quoniam</strong></span> <span class='ocrx_word' id='word_1_7' title='bbox 467 353 532 414; x_wconf 88' lang='lat' dir='ltr'><strong>AB</strong></span> <span class='ocrx_word' id='word_1_8' title='bbox 559 348 666 433; x_wconf 82' lang='lat' dir='ltr'><strong>impar</strong></span> <span class='ocrx_word' id='word_1_9' title='bbox 693 350 756 431; x_wconf 84' lang='lat' dir='ltr'><strong>est,</strong></span> <span class='ocrx_word' id='word_1_10' title='bbox 785 346 996 413; x_wconf 86' lang='lat' dir='ltr'><strong>subtrahatur</strong></span> <span class='ocrx_word' id='word_1_11' title='bbox 1022 349 1131 415; x_wconf 86' lang='lat' dir='ltr'><strong>unitas</strong></span> 
     </span>
     <span class='ocr_line' id='line_1_3' title="bbox 117 454 1132 542; baseline 0.001 -20"><span class='ocrx_word' id='word_1_12' title='bbox 117 461 194 522; x_wconf 86' lang='lat' dir='ltr'><strong>BA.</strong></span> <span class='ocrx_word' id='word_1_13' title='bbox 239 457 348 542; x_wconf 86' lang='lat' dir='ltr'><strong>itaque</strong></span> <span class='ocrx_word' id='word_1_14' title='bbox 376 455 518 540; x_wconf 84' lang='lat' dir='ltr'><strong>reliquus</strong></span> <span class='ocrx_word' id='word_1_15' title='bbox 543 461 613 520; x_wconf 92' lang='grc' dir='ltr'><strong>ΑΔ</strong></span> <span class='ocrx_word' id='word_1_16' title='bbox 640 477 701 538; x_wconf 90' lang='lat' dir='ltr'><strong>par</strong></span> <span class='ocrx_word' id='word_1_17' title='bbox 728 458 786 519; x_wconf 88' lang='lat' dir='ltr'><strong>est.</strong></span> <span class='ocrx_word' id='word_1_18' title='bbox 834 454 948 520; x_wconf 86' lang='lat' dir='ltr'><strong>eadam</strong></span> <span class='ocrx_word' id='word_1_19' title='bbox 972 454 1010 520; x_wconf 86' lang='lat' dir='ltr'><strong>de</strong></span> <span class='ocrx_word' id='word_1_20' title='bbox 1034 476 1132 523; x_wconf 79' lang='lat' dir='ltr'><strong>causa</strong></span> 
     </span>
     <span class='ocr_line' id='line_1_4' title="bbox 118 559 1132 648; baseline -0.001 -19"><span class='ocrx_word' id='word_1_21' title='bbox 118 565 219 629; x_wconf 84' lang='lat' dir='ltr'><strong>etiam</strong></span> <span class='ocrx_word' id='word_1_22' title='bbox 242 567 304 629; x_wconf 90' lang='grc' dir='ltr'><strong>ΓΔ</strong></span> <span class='ocrx_word' id='word_1_23' title='bbox 327 585 387 648; x_wconf 92' lang='lat' dir='ltr'><strong>par</strong></span> <span class='ocrx_word' id='word_1_24' title='bbox 410 566 460 628; x_wconf 85' lang='lat' dir='ltr'><strong>ast</strong></span> <span class='ocrx_word' id='word_1_25' title='bbox 484 561 560 644; x_wconf 90' lang='lat' dir='ltr'>[VII</span> <span class='ocrx_word' id='word_1_26' title='bbox 584 562 644 627; x_wconf 85' lang='lat' dir='ltr'><strong>def.</strong></span> <span class='ocrx_word' id='word_1_27' title='bbox 670 559 742 646; x_wconf 52' lang='grc' dir='ltr'><strong>ΠΕ)</strong></span> <span class='ocrx_word' id='word_1_28' title='bbox 781 583 860 648; x_wconf 84' lang='lat' dir='ltr'><strong>ergo</strong></span> <span class='ocrx_word' id='word_1_29' title='bbox 884 561 984 627; x_wconf 83' lang='lat' dir='ltr'><strong>etiam</strong></span> <span class='ocrx_word' id='word_1_30' title='bbox 1007 563 1063 648; x_wconf 92' lang='lat' dir='ltr'><strong>qui</strong></span> <span class='ocrx_word' id='word_1_31' title='bbox 1085 586 1132 629; x_wconf 86' lang='lat' dir='ltr'><strong>re-</strong></span> 
     </span>
     <span class='ocr_line' id='line_1_5' title="bbox 117 667 1132 755; baseline 0 -20"><span class='ocrx_word' id='word_1_32' title='bbox 117 671 291 755; x_wconf 77' lang='lat' dir='ltr'>linquitur,</span> <span class='ocrx_word' id='word_1_33' title='bbox 319 672 380 736; x_wconf 87' lang='grc' dir='ltr'><strong>ΓΑ</strong></span> <span class='ocrx_word' id='word_1_34' title='bbox 406 692 467 754; x_wconf 88' lang='lat' dir='ltr'><strong>par</strong></span> <span class='ocrx_word' id='word_1_35' title='bbox 495 671 545 734; x_wconf 87' lang='lat' dir='ltr'><strong>est</strong></span> <span class='ocrx_word' id='word_1_36' title='bbox 568 671 672 753; x_wconf 87' lang='lat' dir='ltr'><strong>[prop.</strong></span> <span class='ocrx_word' id='word_1_37' title='bbox 695 667 836 753; x_wconf 82' lang='lat' dir='ltr'>XXIV];</span> <span class='ocrx_word' id='word_1_38' title='bbox 870 670 956 754; x_wconf 88' lang='lat' dir='ltr'><strong>quod</strong></span> <span class='ocrx_word' id='word_1_39' title='bbox 984 673 1055 735; x_wconf 87' lang='lat' dir='ltr'><strong>arat</strong></span> <span class='ocrx_word' id='word_1_40' title='bbox 1078 670 1132 735; x_wconf 84' lang='lat' dir='ltr'><strong>do-</strong></span> 
     </span>
     <span class='ocr_line' id='line_1_6' title="bbox 119 777 375 842; baseline 0.004 -1"><span class='ocrx_word' id='word_1_41' title='bbox 119 777 375 842; x_wconf 86' lang='lat' dir='ltr'><strong>monstrandum.</strong></span> 
     </span>
    </p>
   </div>
   <div class='ocr_carea' id='block_1_3' title="bbox 555 899 690 968">
    <p class='ocr_par' dir='ltr' id='par_1_3' title="bbox 555 899 690 968">
     <span class='ocr_line' id='line_1_7' title="bbox 555 899 690 968; baseline 0.03 -4"><span class='ocrx_word' id='word_1_42' title='bbox 555 899 690 968; x_wconf 88' lang='lat' dir='ltr'>XXVII.</span> 
     </span>
    </p>
   </div>
   <div class='ocr_carea' id='block_1_4' title="bbox 117 1024 1131 1430">
    <p class='ocr_par' dir='ltr' id='par_1_4' title="bbox 117 1024 1130 1220">
     <span class='ocr_line' id='line_1_8' title="bbox 185 1024 1130 1112; baseline -0.001 -21"><span class='ocrx_word' id='word_1_43' title='bbox 185 1024 221 1091; x_wconf 80' lang='lat' dir='ltr'><strong>si</strong></span> <span class='ocrx_word' id='word_1_44' title='bbox 243 1049 263 1090; x_wconf 93' lang='lat' dir='ltr'><strong>a</strong></span> <span class='ocrx_word' id='word_1_45' title='bbox 285 1048 419 1091; x_wconf 88' lang='lat' dir='ltr'><strong>numero</strong></span> <span class='ocrx_word' id='word_1_46' title='bbox 442 1026 562 1109; x_wconf 90' lang='lat' dir='ltr'><strong>impari</strong></span> <span class='ocrx_word' id='word_1_47' title='bbox 584 1047 644 1109; x_wconf 88' lang='lat' dir='ltr'><strong>par</strong></span> <span class='ocrx_word' id='word_1_48' title='bbox 668 1027 880 1110; x_wconf 87' lang='lat' dir='ltr'><strong>subtrahitur,</strong></span> <span class='ocrx_word' id='word_1_49' title='bbox 904 1025 1048 1112; x_wconf 85' lang='lat' dir='ltr'><strong>reliquus</strong></span> <span class='ocrx_word' id='word_1_50' title='bbox 1071 1024 1130 1090; x_wconf 92' lang='lat' dir='ltr'><strong>im·</strong></span> 
     </span>
     <span class='ocr_line' id='line_1_9' title="bbox 117 1133 269 1220; baseline -0.013 -21"><span class='ocrx_word' id='word_1_51' title='bbox 117 1157 177 1220; x_wconf 90' lang='lat' dir='ltr'><strong>par</strong></span> <span class='ocrx_word' id='word_1_52' title='bbox 199 1133 269 1198; x_wconf 81' lang='lat' dir='ltr'><strong>erit.</strong></span> 
     </span>
    </p>

    <p class='ocr_par' dir='ltr' id='par_1_5' title="bbox 117 1227 1131 1430">
     <span class='ocr_line' id='line_1_10' title="bbox 187 1227 1131 1326; baseline 0.001 -21"><span class='ocrx_word' id='word_1_53' title='bbox 187 1238 273 1305; x_wconf 85' lang='lat' dir='ltr'><strong>Nam</strong></span> <span class='ocrx_word' id='word_1_54' title='bbox 302 1261 321 1303; x_wconf 87' lang='lat' dir='ltr'><strong>a</strong></span> <span class='ocrx_word' id='word_1_55' title='bbox 347 1259 482 1304; x_wconf 85' lang='lat' dir='ltr'><strong>numero</strong></span> <span class='ocrx_word' id='word_1_56' title='bbox 511 1238 630 1323; x_wconf 87' lang='lat' dir='ltr'><strong>impari</strong></span> <span class='ocrx_word' id='word_1_57' title='bbox 653 1244 719 1305; x_wconf 90' lang='lat' dir='ltr'><strong>AB</strong></span> <span class='ocrx_word' id='word_1_58' title='bbox 746 1227 806 1326; x_wconf 84' lang='lat' dir='ltr'><strong>par</strong></span> <span class='ocrx_word' id='word_1_59' title='bbox 829 1239 1039 1306; x_wconf 76' lang='lat' dir='ltr'><strong>subtrahatur</strong></span> <span class='ocrx_word' id='word_1_60' title='bbox 1061 1244 1131 1306; x_wconf 89' lang='grc' dir='ltr'><strong>ΒΓ.</strong></span> 
     </span>
     <span class='ocr_line' id='line_1_11' title="bbox 117 1346 751 1430; baseline 0.005 -19"><span class='ocrx_word' id='word_1_61' title='bbox 117 1346 198 1429; x_wconf 86' lang='lat' dir='ltr'><strong>dico,</strong></span> <span class='ocrx_word' id='word_1_62' title='bbox 222 1346 382 1429; x_wconf 85' lang='lat' dir='ltr'><strong>reliquum</strong></span> <span class='ocrx_word' id='word_1_63' title='bbox 406 1348 467 1410; x_wconf 90' lang='grc' dir='ltr'><strong>ΓΑ</strong></span> <span class='ocrx_word' id='word_1_64' title='bbox 488 1346 647 1430; x_wconf 87' lang='lat' dir='ltr'><strong>imparem</strong></span> <span class='ocrx_word' id='word_1_65' title='bbox 671 1369 751 1414; x_wconf 83' lang='lat' dir='ltr'><strong>esse.</strong></span> 
     </span>
    </p>
   </div>
   <div class='ocr_carea' id='block_1_5' title="bbox 118 1501 1133 2087">
    <p class='ocr_par' dir='ltr' id='par_1_6' title="bbox 118 1501 1133 2087">
     <span class='ocr_line' id='line_1_12' title="bbox 388 1501 844 1540; baseline 0.002 -1"><span class='ocrx_word' id='word_1_66' title='bbox 388 1501 459 1539; x_wconf 83' lang='grc'><strong>1-1</strong></span> <span class='ocrx_word' id='word_1_67' title='bbox 674 1504 844 1540; x_wconf 84' lang='grc' dir='ltr'><strong>Ι---·Ι</strong></span> 
     </span>
     <span class='ocr_line' id='line_1_13' title="bbox 388 1562 851 1613; baseline 0.006 -3"><span class='ocrx_word' id='word_1_68' title='bbox 388 1563 410 1610; x_wconf 97' lang='lat' dir='ltr'><em>A</em></span> <span class='ocrx_word' id='word_1_69' title='bbox 447 1562 474 1610; x_wconf 90' lang='grc' dir='ltr'><em>Δ</em></span> <span class='ocrx_word' id='word_1_70' title='bbox 662 1562 689 1613; x_wconf 91' lang='grc' dir='ltr'>Γ</span> <span class='ocrx_word' id='word_1_71' title='bbox 829 1563 851 1612; x_wconf 91' lang='grc' dir='ltr'>Β</span> 
     </span>
     <span class='ocr_line' id='line_1_14' title="bbox 185 1682 1133 1772; baseline 0.002 -25"><span class='ocrx_word' id='word_1_72' title='bbox 185 1705 260 1748; x_wconf 88' lang='lat' dir='ltr'><strong>nam</strong></span> <span class='ocrx_word' id='word_1_73' title='bbox 284 1682 497 1749; x_wconf 86' lang='lat' dir='ltr'><strong>subtrahatur</strong></span> <span class='ocrx_word' id='word_1_74' title='bbox 519 1685 628 1752; x_wconf 86' lang='lat' dir='ltr'><strong>unitas</strong></span> <span class='ocrx_word' id='word_1_75' title='bbox 651 1691 730 1752; x_wconf 87' lang='grc' dir='ltr'><strong>ΑΔ.</strong></span> <span class='ocrx_word' id='word_1_76' title='bbox 776 1686 886 1772; x_wconf 83' lang='lat' dir='ltr'><strong>itaquo</strong></span> <span class='ocrx_word' id='word_1_77' title='bbox 910 1689 977 1750; x_wconf 87' lang='lat' dir='ltr'><strong>AB</strong></span> <span class='ocrx_word' id='word_1_78' title='bbox 1000 1707 1060 1770; x_wconf 87' lang='lat' dir='ltr'><strong>par</strong></span> <span class='ocrx_word' id='word_1_79' title='bbox 1083 1688 1133 1750; x_wconf 85' lang='lat' dir='ltr'><strong>est</strong></span> 
     </span>
     <span class='ocr_line' id='line_1_15' title="bbox 119 1788 1132 1879; baseline 0.002 -25"><span class='ocrx_word' id='word_1_80' title='bbox 119 1788 195 1870; x_wconf 86' lang='lat' dir='ltr'>[VII</span> <span class='ocrx_word' id='word_1_81' title='bbox 218 1789 279 1855; x_wconf 81' lang='lat' dir='ltr'><strong>def.</strong></span> <span class='ocrx_word' id='word_1_82' title='bbox 305 1792 345 1871; x_wconf 80' lang='lat'><strong>7].</strong></span> <span class='ocrx_word' id='word_1_83' title='bbox 387 1812 501 1855; x_wconf 87' lang='lat' dir='ltr'><strong>uerum</strong></span> <span class='ocrx_word' id='word_1_84' title='bbox 525 1793 624 1858; x_wconf 84' lang='lat' dir='ltr'><strong>otiam</strong></span> <span class='ocrx_word' id='word_1_85' title='bbox 647 1796 713 1858; x_wconf 90' lang='grc' dir='ltr'><strong>ΒΓ</strong></span> <span class='ocrx_word' id='word_1_86' title='bbox 731 1816 792 1879; x_wconf 91' lang='lat' dir='ltr'><strong>par</strong></span> <span class='ocrx_word' id='word_1_87' title='bbox 816 1796 874 1858; x_wconf 88' lang='lat' dir='ltr'><strong>est.</strong></span> <span class='ocrx_word' id='word_1_88' title='bbox 911 1814 1009 1877; x_wconf 88' lang='lat' dir='ltr'><strong>quaro</strong></span> <span class='ocrx_word' id='word_1_89' title='bbox 1033 1791 1132 1856; x_wconf 86' lang='lat' dir='ltr'><strong>etiam</strong></span> 
     </span>
     <span class='ocr_line' id='line_1_16' title="bbox 118 1896 1132 1984; baseline 0.003 -25"><span class='ocrx_word' id='word_1_90' title='bbox 118 1896 262 1980; x_wconf 82' lang='lat' dir='ltr'><strong>reliquus</strong></span> <span class='ocrx_word' id='word_1_91' title='bbox 286 1899 348 1961; x_wconf 90' lang='grc' dir='ltr'><strong>ΓΔ</strong></span> <span class='ocrx_word' id='word_1_92' title='bbox 375 1919 435 1983; x_wconf 88' lang='lat' dir='ltr'><strong>par</strong></span> <span class='ocrx_word' id='word_1_93' title='bbox 463 1901 513 1962; x_wconf 85' lang='lat' dir='ltr'><strong>ost</strong></span> <span class='ocrx_word' id='word_1_94' title='bbox 537 1902 640 1983; x_wconf 88' lang='lat' dir='ltr'><strong>[prop.</strong></span> <span class='ocrx_word' id='word_1_95' title='bbox 657 1897 792 1980; x_wconf 72' lang='lat' dir='ltr'>XXNJ.</span> <span class='ocrx_word' id='word_1_96' title='bbox 839 1919 915 1984; x_wconf 80' lang='lat' dir='ltr'><strong>ergo</strong></span> <span class='ocrx_word' id='word_1_97' title='bbox 939 1901 1000 1964; x_wconf 86' lang='grc' dir='ltr'><strong>ΓΑ</strong></span> <span class='ocrx_word' id='word_1_98' title='bbox 1026 1898 1132 1981; x_wconf 85' lang='lat' dir='ltr'><strong>impar</strong></span> 
     </span>
     <span class='ocr_line' id='line_1_17' title="bbox 119 2002 949 2087; baseline 0.002 -20"><span class='ocrx_word' id='word_1_99' title='bbox 119 2006 169 2067; x_wconf 84' lang='lat' dir='ltr'><strong>ast</strong></span> <span class='ocrx_word' id='word_1_100' title='bbox 193 2002 271 2083; x_wconf 85' lang='lat' dir='ltr'>[VII</span> <span class='ocrx_word' id='word_1_101' title='bbox 294 2003 355 2067; x_wconf 85' lang='lat' dir='ltr'><strong>def.</strong></span> <span class='ocrx_word' id='word_1_102' title='bbox 381 2005 428 2087; x_wconf 80' lang='lat'><strong>7];</strong></span> <span class='ocrx_word' id='word_1_103' title='bbox 452 2004 536 2087; x_wconf 88' lang='lat' dir='ltr'><strong>quod</strong></span> <span class='ocrx_word' id='word_1_104' title='bbox 559 2009 629 2069; x_wconf 86' lang='lat' dir='ltr'><strong>erat</strong></span> <span class='ocrx_word' id='word_1_105' title='bbox 652 2005 949 2071; x_wconf 85' lang='lat' dir='ltr'><strong>demonstrandum.</strong></span> 
     </span>
    </p>
   </div>
   <div class='ocr_carea' id='block_1_6' title="bbox 545 2177 700 2248">
    <p class='ocr_par' dir='ltr' id='par_1_7' title="bbox 545 2177 700 2248">
     <span class='ocr_line' id='line_1_18' title="bbox 545 2177 700 2248; baseline 0.006 -2"><span class='ocrx_word' id='word_1_106' title='bbox 545 2177 700 2248; x_wconf 90' lang='lat' dir='ltr'>XXVIII.</span> 
     </span>
    </p>
   </div>
   <div class='ocr_carea' id='block_1_7' title="bbox 116 2301 1135 3458">
    <p class='ocr_par' dir='ltr' id='par_1_8' title="bbox 116 2301 1133 2815">
     <span class='ocr_line' id='line_1_19' title="bbox 186 2301 1130 2392; baseline 0.002 -24"><span class='ocrx_word' id='word_1_107' title='bbox 186 2301 219 2368; x_wconf 81' lang='lat' dir='ltr'><strong>Si</strong></span> <span class='ocrx_word' id='word_1_108' title='bbox 249 2327 399 2370; x_wconf 84' lang='lat' dir='ltr'><strong>numerus</strong></span> <span class='ocrx_word' id='word_1_109' title='bbox 430 2306 537 2390; x_wconf 86' lang='lat' dir='ltr'><strong>impar</strong></span> <span class='ocrx_word' id='word_1_110' title='bbox 566 2328 677 2391; x_wconf 85' lang='lat' dir='ltr'><strong>parom</strong></span> <span class='ocrx_word' id='word_1_111' title='bbox 708 2306 931 2392; x_wconf 80' lang='lat' dir='ltr'><strong>multiplicans</strong></span> <span class='ocrx_word' id='word_1_112' title='bbox 960 2326 1130 2371; x_wconf 84' lang='lat' dir='ltr'><strong>numerum</strong></span> 
     </span>
     <span class='ocr_line' id='line_1_20' title="bbox 118 2409 980 2499; baseline 0.007 -25"><span class='ocrx_word' id='word_1_113' title='bbox 118 2409 257 2494; x_wconf 84' lang='lat' dir='ltr'><strong>aliquam</strong></span> <span class='ocrx_word' id='word_1_114' title='bbox 281 2410 429 2495; x_wconf 79' lang='lat' dir='ltr'><strong>affecerit,</strong></span> <span class='ocrx_word' id='word_1_115' title='bbox 451 2433 605 2478; x_wconf 87' lang='lat' dir='ltr'><strong>numerus</strong></span> <span class='ocrx_word' id='word_1_116' title='bbox 628 2415 804 2497; x_wconf 78' lang='lat' dir='ltr'><strong>productus</strong></span> <span class='ocrx_word' id='word_1_117' title='bbox 827 2436 887 2499; x_wconf 85' lang='lat' dir='ltr'><strong>par</strong></span> <span class='ocrx_word' id='word_1_118' title='bbox 910 2414 980 2480; x_wconf 85' lang='lat' dir='ltr'><strong>erit.</strong></span> 
     </span>
     <span class='ocr_line' id='line_1_21' title="bbox 118 2517 1132 2605; baseline 0.005 -24"><span class='ocrx_word' id='word_1_119' title='bbox 118 2520 260 2568; x_wconf 74' lang='lat' dir='ltr'><strong>1-1A</strong></span> <span class='ocrx_word' id='word_1_120' title='bbox 488 2517 575 2583; x_wconf 92' lang='lat' dir='ltr'><strong>Nam</strong></span> <span class='ocrx_word' id='word_1_121' title='bbox 603 2520 709 2603; x_wconf 90' lang='lat' dir='ltr'><strong>impar</strong></span> <span class='ocrx_word' id='word_1_122' title='bbox 731 2542 886 2587; x_wconf 86' lang='lat' dir='ltr'><strong>numerus</strong></span> <span class='ocrx_word' id='word_1_123' title='bbox 912 2525 945 2586; x_wconf 89' lang='lat' dir='ltr'><em>A</em></span> <span class='ocrx_word' id='word_1_124' title='bbox 966 2542 1081 2605; x_wconf 82' lang='lat' dir='ltr'><strong>param</strong></span> <span class='ocrx_word' id='word_1_125' title='bbox 1103 2525 1132 2586; x_wconf 89' lang='grc' dir='ltr'><em>Β</em></span> 
     </span>
     <span class='ocr_line' id='line_1_22' title="bbox 116 2624 1133 2709; baseline 0.002 -22"><span class='ocrx_word' id='word_1_126' title='bbox 116 2625 318 2676; x_wconf 33' lang='grc'>1--43</span> <span class='ocrx_word' id='word_1_127' title='bbox 444 2624 665 2708; x_wconf 79' lang='lat' dir='ltr'><strong>multiplicans</strong></span> <span class='ocrx_word' id='word_1_128' title='bbox 675 2647 843 2690; x_wconf 86' lang='lat' dir='ltr'><strong>numerum</strong></span> <span class='ocrx_word' id='word_1_129' title='bbox 856 2625 1028 2691; x_wconf 77' lang='lat' dir='ltr'><strong>Feffioiat</strong></span> <span class='ocrx_word' id='word_1_130' title='bbox 1052 2626 1133 2709; x_wconf 83' lang='lat' dir='ltr'><strong>dico,</strong></span> 
     </span>
     <span class='ocr_line' id='line_1_23' title="bbox 118 2731 896 2815; baseline 0.005 -22"><span class='ocrx_word' id='word_1_131' title='bbox 118 2746 122 2785; x_wconf 84' lang='lat'><strong>¹</strong></span> <span class='ocrx_word' id='word_1_132' title='bbox 364 2731 400 2782; x_wconf 64' lang='grc' dir='ltr'>Τ</span> <span class='ocrx_word' id='word_1_133' title='bbox 439 2752 608 2796; x_wconf 87' lang='lat' dir='ltr'><strong>numerum</strong></span> <span class='ocrx_word' id='word_1_134' title='bbox 631 2732 663 2794; x_wconf 90' lang='grc' dir='ltr'><strong><em>Γ</em></strong></span> <span class='ocrx_word' id='word_1_135' title='bbox 681 2752 793 2815; x_wconf 83' lang='lat' dir='ltr'><strong>param</strong></span> <span class='ocrx_word' id='word_1_136' title='bbox 816 2753 896 2797; x_wconf 85' lang='lat' dir='ltr'><strong>esse.</strong></span> 
     </span>
    </p>

    <p class='ocr_par' dir='ltr' id='par_1_9' title="bbox 120 2839 1135 3458">
     <span class='ocr_line' id='line_1_24' title="bbox 186 2839 1132 2925; baseline 0 -21"><span class='ocrx_word' id='word_1_137' title='bbox 186 2862 262 2906; x_wconf 87' lang='lat' dir='ltr'><strong>nam</strong></span> <span class='ocrx_word' id='word_1_138' title='bbox 282 2839 436 2925; x_wconf 91' lang='lat' dir='ltr'><strong>quoniam</strong></span> <span class='ocrx_word' id='word_1_139' title='bbox 459 2844 491 2903; x_wconf 89' lang='lat' dir='ltr'><em>A</em></span> <span class='ocrx_word' id='word_1_140' title='bbox 505 2851 548 2907; x_wconf 93' lang='lat'><strong>&gt;&lt;</strong></span> <span class='ocrx_word' id='word_1_141' title='bbox 563 2842 591 2902; x_wconf 89' lang='lat' dir='ltr'><em>B</em></span> <span class='ocrx_word' id='word_1_142' title='bbox 607 2866 650 2891; x_wconf 89' lang='lat'><strong>==</strong></span> <span class='ocrx_word' id='word_1_143' title='bbox 665 2841 702 2923; x_wconf 83' lang='grc' dir='ltr'><strong>Γ,</strong></span> <span class='ocrx_word' id='word_1_144' title='bbox 719 2859 871 2904; x_wconf 87' lang='lat' dir='ltr'><strong>numerus</strong></span> <span class='ocrx_word' id='word_1_145' title='bbox 891 2842 923 2903; x_wconf 91' lang='grc' dir='ltr'>Γ</span> <span class='ocrx_word' id='word_1_146' title='bbox 937 2860 976 2905; x_wconf 88' lang='lat' dir='ltr'><strong>ex</strong></span> <span class='ocrx_word' id='word_1_147' title='bbox 995 2839 1132 2905; x_wconf 84' lang='lat' dir='ltr'><strong>totidem</strong></span> 
     </span>
     <span class='ocr_line' id='line_1_25' title="bbox 120 2945 1134 3032; baseline 0.002 -21"><span class='ocrx_word' id='word_1_148' title='bbox 120 2946 263 3011; x_wconf 85' lang='lat' dir='ltr'><strong>numeris</strong></span> <span class='ocrx_word' id='word_1_149' title='bbox 277 2967 411 3011; x_wconf 84' lang='lat' dir='ltr'><strong>numero</strong></span> <span class='ocrx_word' id='word_1_150' title='bbox 426 2949 454 3009; x_wconf 89' lang='lat' dir='ltr'><em>B</em></span> <span class='ocrx_word' id='word_1_151' title='bbox 469 2945 660 3030; x_wconf 76' lang='lat' dir='ltr'><strong>aequalibus</strong></span> <span class='ocrx_word' id='word_1_152' title='bbox 676 2946 875 3030; x_wconf 80' lang='lat' dir='ltr'><strong>compositus</strong></span> <span class='ocrx_word' id='word_1_153' title='bbox 890 2949 949 3031; x_wconf 83' lang='lat' dir='ltr'><strong>est,</strong></span> <span class='ocrx_word' id='word_1_154' title='bbox 964 2950 1044 3032; x_wconf 87' lang='lat' dir='ltr'><strong>quot</strong></span> <span class='ocrx_word' id='word_1_155' title='bbox 1058 2951 1134 3013; x_wconf 87' lang='lat' dir='ltr'><strong>sunt</strong></span> 
     </span>
     <span class='ocr_line' id='line_1_26' title="bbox 120 3051 1133 3139; baseline 0.004 -22"><span class='ocrx_word' id='word_1_156' title='bbox 120 3053 263 3118; x_wconf 84' lang='lat' dir='ltr'><strong>unitates</strong></span> <span class='ocrx_word' id='word_1_157' title='bbox 282 3053 317 3118; x_wconf 90' lang='lat' dir='ltr'><strong>in</strong></span> <span class='ocrx_word' id='word_1_158' title='bbox 337 3058 368 3117; x_wconf 90' lang='lat' dir='ltr'><em>A</em></span> <span class='ocrx_word' id='word_1_159' title='bbox 387 3051 464 3133; x_wconf 88' lang='lat' dir='ltr'>[VII</span> <span class='ocrx_word' id='word_1_160' title='bbox 477 3052 538 3117; x_wconf 81' lang='lat' dir='ltr'>def.</span> <span class='ocrx_word' id='word_1_161' title='bbox 555 3052 619 3134; x_wconf 83' lang='grc'><strong>15].</strong></span> <span class='ocrx_word' id='word_1_162' title='bbox 660 3056 693 3118; x_wconf 87' lang='lat' dir='ltr'><strong>et</strong></span> <span class='ocrx_word' id='word_1_163' title='bbox 711 3057 740 3118; x_wconf 90' lang='grc' dir='ltr'><em>Β</em></span> <span class='ocrx_word' id='word_1_164' title='bbox 758 3057 890 3136; x_wconf 82' lang='lat' dir='ltr'><strong>pareat</strong></span> <span class='ocrx_word' id='word_1_165' title='bbox 928 3055 961 3117; x_wconf 91' lang='grc' dir='ltr'><strong><em>Γ</em></strong></span> <span class='ocrx_word' id='word_1_166' title='bbox 973 3053 1076 3139; x_wconf 82' lang='lat' dir='ltr'><strong>igitur</strong></span> <span class='ocrx_word' id='word_1_167' title='bbox 1095 3076 1133 3121; x_wconf 89' lang='lat' dir='ltr'><strong>ex</strong></span> 
     </span>
     <span class='ocr_line' id='line_1_27' title="bbox 121 3158 1133 3247; baseline 0.004 -23"><span class='ocrx_word' id='word_1_168' title='bbox 121 3159 255 3244; x_wconf 89' lang='lat' dir='ltr'><strong>paribus</strong></span> <span class='ocrx_word' id='word_1_169' title='bbox 285 3158 483 3242; x_wconf 85' lang='lat' dir='ltr'><strong>compositus</strong></span> <span class='ocrx_word' id='word_1_170' title='bbox 513 3163 571 3236; x_wconf 84' lang='lat' dir='ltr'><strong>ast.</strong></span> <span class='ocrx_word' id='word_1_171' title='bbox 618 3159 668 3225; x_wconf 91' lang='lat' dir='ltr'><strong>sin</strong></span> <span class='ocrx_word' id='word_1_172' title='bbox 696 3160 858 3246; x_wconf 75' lang='lat' dir='ltr'><strong>quotlibet</strong></span> <span class='ocrx_word' id='word_1_173' title='bbox 884 3162 1010 3226; x_wconf 86' lang='lat' dir='ltr'><strong>numeri</strong></span> <span class='ocrx_word' id='word_1_174' title='bbox 1037 3184 1133 3247; x_wconf 86' lang='lat' dir='ltr'><strong>pares</strong></span> 
     </span>
     <span class='ocr_line' id='line_1_28' title="bbox 121 3265 1135 3355; baseline 0.003 -25"><span class='ocrx_word' id='word_1_175' title='bbox 121 3269 368 3352; x_wconf 86' lang='lat' dir='ltr'><strong>componuntur,</strong></span> <span class='ocrx_word' id='word_1_176' title='bbox 397 3269 487 3331; x_wconf 88' lang='lat' dir='ltr'><strong>totus</strong></span> <span class='ocrx_word' id='word_1_177' title='bbox 510 3288 572 3350; x_wconf 86' lang='lat' dir='ltr'><strong>par</strong></span> <span class='ocrx_word' id='word_1_178' title='bbox 594 3270 644 3331; x_wconf 85' lang='lat' dir='ltr'><strong>est</strong></span> <span class='ocrx_word' id='word_1_179' title='bbox 667 3269 770 3352; x_wconf 89' lang='lat' dir='ltr'><strong>[prop.</strong></span> <span class='ocrx_word' id='word_1_180' title='bbox 789 3265 889 3348; x_wconf 88' lang='grc' dir='ltr'>ΧΧΙ].</span> <span class='ocrx_word' id='word_1_181' title='bbox 927 3290 1005 3355; x_wconf 83' lang='lat' dir='ltr'><strong>ergo</strong></span> <span class='ocrx_word' id='word_1_182' title='bbox 1024 3272 1057 3334; x_wconf 91' lang='grc' dir='ltr'><strong><em>Γ</em></strong></span> <span class='ocrx_word' id='word_1_183' title='bbox 1075 3291 1135 3353; x_wconf 89' lang='lat' dir='ltr'><strong>par</strong></span> 
     </span>
     <span class='ocr_line' id='line_1_29' title="bbox 120 3371 701 3458; baseline 0.005 -21"><span class='ocrx_word' id='word_1_184' title='bbox 120 3376 183 3458; x_wconf 79' lang='lat' dir='ltr'><strong>est3</strong></span> <span class='ocrx_word' id='word_1_185' title='bbox 206 3373 291 3457; x_wconf 92' lang='lat' dir='ltr'><strong>quod</strong></span> <span class='ocrx_word' id='word_1_186' title='bbox 314 3379 383 3439; x_wconf 86' lang='lat' dir='ltr'><strong>erat</strong></span> <span class='ocrx_word' id='word_1_187' title='bbox 406 3371 701 3440; x_wconf 86' lang='lat' dir='ltr'><strong>demonstrandum.</strong></span> 
     </span>
    </p>
   </div>
   <div class='ocr_carea' id='block_1_8' title="bbox 193 3547 856 3619">
    <p class='ocr_par' dir='ltr' id='par_1_10' title="bbox 193 3547 856 3619">
     <span class='ocr_line' id='line_1_30' title="bbox 193 3547 856 3619; baseline 0.003 -17"><span class='ocrx_word' id='word_1_188' title='bbox 193 3551 220 3618; x_wconf 89' lang='lat'><strong>1)</strong></span> <span class='ocrx_word' id='word_1_189' title='bbox 238 3547 312 3604; x_wconf 83' lang='lat' dir='ltr'><strong>Nam</strong></span> <span class='ocrx_word' id='word_1_190' title='bbox 331 3547 541 3619; x_wconf 82' lang='lat' dir='ltr'><strong>supposuimus,</strong></span> <span class='ocrx_word' id='word_1_191' title='bbox 562 3552 612 3602; x_wconf 89' lang='grc' dir='ltr'><strong>ΓΒ</strong></span> <span class='ocrx_word' id='word_1_192' title='bbox 631 3547 768 3618; x_wconf 84' lang='lat' dir='ltr'><strong>imparem</strong></span> <span class='ocrx_word' id='word_1_193' title='bbox 786 3565 856 3606; x_wconf 75' lang='lat' dir='ltr'><strong>asse.</strong></span> 
     </span>
    </p>
   </div>
   <div class='ocr_carea' id='block_1_9' title="bbox 0 0 1271 4012">
    <p class='ocr_par' dir='ltr' id='par_1_11' title="bbox 0 0 1271 4012">
     <span class='ocr_line' id='line_1_31' title="bbox 0 0 1271 4012; baseline 0 0"><span class='ocrx_word' id='word_1_194' title='bbox 0 0 1271 4012; x_wconf 95' lang='lat' dir='ltr'><strong> </strong></span> 
     </span>
    </p>
   </div>
  </div>
 </body>
</html>
