2514 4012
411 292 688 345 nomannorum
706 292 815 343 LIBER
832 290 853 343 1.
1120 284 1137 347 7

120 438 278 503 diametro
302 440 341 515 et
363 456 441 501 arcu
463 436 505 501 ab
528 456 567 500 ea
589 435 716 500 absciso
739 432 1031 518 comprehenditur.
1072 454 1144 497 ceu·

119 548 201 611 trum
218 566 307 609 uero
327 542 525 608 semicirculi
542 541 628 607 idem
647 548 706 625 est,
724 540 811 625 quod
829 541 932 626 ipsius
952 545 1002 605 est
1021 540 1143 605 circuli.

180 650 277 717 XIX.
315 647 460 735 Figurae
486 649 672 714 rectilineae
699 650 789 731 sunt,
818 668 901 732 quae
924 647 1021 712 rectis
1046 646 1144 711 lineis

119 754 453 843 comprehenduntur,
474 754 642 819 trilaterae
665 774 748 839 quae
767 754 883 837 tribus,
907 754 1144 837 quadrilaterae

118 886 199 951 quae
222 866 403 949 quattuor,
424 860 642 925 multilaterae
664 882 747 945 quae
770 862 843 945 plus
867 884 964 946 quam
989 866 1145 945 quattuor·

118 973 216 1039 rectis
243 966 577 1053 comprehenduntur.

182 1077 264 1143 XX.
302 1074 356 1140 Ex
384 1073 497 1159 figuris
525 1078 634 1140 autem
662 1074 819 1139 trilateris
848 1075 1067 1158 aequilaterus
1090 1074 1145 1138 tri·

118 1186 265 1271 angulus
285 1186 348 1265 est,
371 1180 425 1265 qui
443 1180 509 1245 tria
531 1180 635 1246 latera
658 1204 716 1246 sua
735 1182 884 1265 aequalia
901 1181 1015 1265 habet,
1039 1181 1144 1265 aequi·

118 1291 253 1357 crurius
285 1310 381 1371 uero,
403 1288 459 1372 qui
481 1287 545 1352 duo
573 1288 643 1353 sola
670 1287 819 1371 aequalia
849 1287 964 1371 habet,
997 1289 1144 1353 scalenus

116 1403 245 1483 autem,
268 1396 328 1481 qui
349 1394 414 1485 tria
435 1393 540 1459 latera
562 1416 622 1459 sua
644 1392 825 1478 inaequalia
848 1394 956 1459 habet.

183 1500 280 1569 XXI.
300 1500 473 1567 Praeterea
485 1522 563 1565 uero
583 1521 620 1564 ex
635 1500 750 1585 figuris
764 1501 919 1565 trilateris
935 1502 1144 1586 ree-taugulus

116 1610 313 1697 triangulus
327 1611 387 1692 eat,
401 1607 457 1693 qui
465 1612 588 1672 rectum
600 1606 756 1691 angulum
766 1606 875 1691 habet,
885 1607 1144 1693 obtusiangulua

116 1720 173 1803 qui
199 1717 362 1782 obtusum
385 1714 499 1798 habet,
523 1714 749 1799 acutiangulus
772 1719 895 1797 autem,
919 1714 974 1797 qui
998 1719 1064 1778 tres
1089 1737 1145 1777 an·

117 1825 219 1909 gulos
245 1842 324 1886 suos
347 1823 459 1886 acutos
482 1819 593 1886 habet.

186 1927 300 1995 XXII.
336 1926 386 1993 Ex
415 1926 642 2011 quadrilateris
671 1931 781 1992 autem
808 1927 920 2011 figuris
951 1925 1144 2011 quadratum

118 2042 181 2119 esc,
201 2034 296 2120 quod
314 2034 410 2099 simul
430 2034 663 2117 aequilaterum
683 2038 732 2099 est
751 2036 784 2097 el
802 2034 1038 2119 rectangulum‚
1052 2037 1144 2117 parte

121 2143 233 2207 altera
256 2140 387 2226 longius
412 2143 475 2223 est,
508 2140 593 2225 quod
617 2142 840 2224 rectangulum
864 2144 914 2205 est
936 2162 1041 2223 neque
1065 2162 1142 2205 uero

121 2248 377 2332 aequilaterum,
400 2246 558 2312 rhombus
582 2252 704 2331 autem,
728 2247 813 2331 quod
838 2246 1070 2331 aequilaterum
1094 2254 1143 2310 est

121 2374 232 2439 neque
256 2373 334 2417 uero
357 2354 593 2439 rectaugulum
616 2353 822 2418 rhomboides
847 2357 969 2435 autern,
993 2353 1079 2436 quod
1098 2353 1143 2417 la-

122 2466 193 2525 tera
216 2460 313 2523 simul
332 2463 364 2524 el
382 2460 519 2544 angulos
539 2461 623 2524 inter
643 2483 677 2523 se
696 2461 848 2544 opposita
868 2460 1016 2543 aequalia
1036 2459 1143 2539 habet,

82 2602 87 2610 ·
125 2568 181 2631 sed
212 2587 319 2648 neque
350 2568 586 2650 aequilaterum
614 2571 664 2630 est
694 2589 796 2650 neque
827 2566 1064 2649 rectangulum3
1097 2588 1143 2628 re·

125 2723 244 2779 Boetius
264 2726 293 2777 et
311 2723 383 2777 hanc-
403 2725 432 2777 et
446 2722 539 2778 Procli
553 2723 700 2789 omittunt3
720 2723 755 2777 de
768 2723 879 2776 Herone
894 2739 950 2778 uon
965 2722 1055 2789 liquet
1069 2722 1143 2791 (Stu-

125 2795 193 2850 dien
210 2812 239 2864 p.
256 2796 327 2863 192).
417 2801 442 2849 3.
467 2791 595 2865 σχήματα
614 2788 817 2863 εὐθύγραμμα]
837 2793 919 2861 Pup,
938 2794 1066 2858 Proelue3
1097 2790 1142 2848 εὖ·

125 2862 214 2934 dv'yq.
234 2882 276 2933 σχ.
295 2866 381 2935 uulgo
410 2861 619 2936 (εὖθείγραμμα
639 2867 680 2933 φ).
779 2860 854 2918 ἐστιν
874 2864 928 2917 PF.
1027 2863 1088 2920 Dei.
1111 2872 1144 2918 19

124 2937 214 3006 uulgo
233 2936 264 2990 in
282 2936 461 3003 tdiuiditu13
481 2935 586 2991 Vhiuc
604 2951 734 2991 numeros
753 2953 807 2990 om.
872 2941 896 2988 3.
913 2931 1037 2990 εὐθειῶν
1056 2956 1144 3005 γραμ-

125 3006 493 3134 nrqanrua
522 3003 780 3133 aratur
858 3001 1143 3148 ‘rariorque

126 3150 195 3204 elus.
248 3122 354 3221 ’μόνον
373 3120 501 3205 droeluss
554 3155 594 3205 10.
613 3121 748 3249 adalrada}
768 3122 821 3203 om.
842 3098 962 3203 l’ro'dlus.
1028 3121 1087 3203 D'ef.
1108 3155 1142 3203 '20

127 3222 215 3291 uulgo
235 3221 265 3274 in
284 3227 300 3275 3
319 3220 462 3275 diuiditur.
551 3227 592 3276 11.
611 3220 657 3291 δέ]
678 3221 708 3289 Ρ,
726 3220 853 3285 lroclus3
874 3236 927 3275 om.
946 3220 978 3285 b;
997 3238 1026 3273 τε
1046 3220 1140 3290 uulgo.

163 3298 205 3347 12.
227 3288 303 3347 ἔστιν
323 3293 379 3346 PF.
435 3294 503 3362 μίαν
522 3290 588 3361 ἔχον
606 3292 632 3345 V
651 3310 707 3361 mg.
727 3297 825 3355 m.1?‚
846 3292 969 3358 ProcluS,
988 3291 1104 3346 Paullus.

130 3370 172 3418 13.
192 3364 261 3432 μίαν
281 3360 346 3433 ἔχον
365 3362 493 3429 Proclue‚
512 3362 634 3429 Psellus3
654 3364 760 3433 γωνίαν
779 3365 847 3431 μίαν
865 3362 890 3415 V
908 3380 964 3432 mg.
984 3380 1020 3416 m.
1037 3369 1070 3416 l?

127 3431 158 3487 τὸ
184 3433 251 3504 ἔχον
264 3440 357 3488 -14,
377 3433 486 3503 de'mg.
505 3435 527 3487 B
546 3434 645 3489 eadem
663 3452 736 3489 man.
757 3428 904 3521 ὄξιγώνιον
924 3452 954 3500 φ,
1065 3439 1106 3487 16.
1127 3427 1142 3485 ὅ

127 3500 204 3559 ἔστιν
223 3501 391 3573 ἰαόπλευρόν
410 3524 440 3559 τε
460 3508 511 3559 καί
526 3506 649 3560 Proclua.
670 3501 755 3571 ἐστιν,
773 3526 789 3559 o
806 3499 974 3573 ἰσόπλευρόν
993 3524 1021 3558 τε
1042 3521 1095 3559 om.
1110 3524 1141 3572 φ.

163 3570 333 3647 ἑτερόμηκες
350 3576 395 3631 bia
413 3596 443 3643 φ.
518 3582 560 3631 17.
580 3570 608 3648 ὅ]
627 3572 659 3631 τό
679 3576 803 3631 Proclus.
882 3580 923 3629 20.
944 3569 973 3645 ὅ]
994 3592 1048 3631 om.
1062 3576 1141 3643 Fbp.

162 3642 241 3717 οὔτε]
262 3644 328 3703 οὔτε
348 3646 382 3701 δέ
399 3647 479 3715 Fbp.
552 3644 639 3719 ἔστιν]
660 3664 713 3703 om.
733 3646 855 3701 Proclue.
