2514 4012
372 181 647 233 ELEMENTORUM
665 182 775 233 LIBER
792 183 813 234 1.
1054 181 1097 245 41

151 323 242 409 Ergo
269 326 298 391 si
329 325 410 390 duae
433 328 541 390 rectae
570 324 611 390 ad
634 329 756 390 rectam
780 326 921 411 aliquam
944 329 978 391 et
1000 349 1099 411 pune·

82 434 154 495 tum
182 432 250 497 eius
278 453 347 498 non
373 432 408 496 in
436 432 547 497 eadem
574 435 668 517 parte
698 434 825 517 positae
848 434 986 518 angulos
1011 433 1098 498 dein·

83 559 159 622 aeps
185 538 313 623 positos
337 539 462 605 duobus
484 539 582 605 reetis
606 540 757 624 aequales
781 539 956 625 effecerint,
989 539 1025 605 in
1048 561 1098 605 ea-

83 644 157 709 dem
181 650 276 710 erunt
298 646 386 711 linea
408 649 510 731 reeta3
543 646 628 731 quod
653 651 724 712 erat
745 646 1044 713 demonstrandum.

554 857 626 925 XV.

150 981 184 1049 Si
204 983 286 1050 duae
304 987 411 1049 rectae
434 984 520 1049 inter
539 1005 573 1049 se
592 988 713 1067 secant,
737 984 873 1070 angulos
888 985 929 1050 ad
942 987 1096 1052 uerticem

80 1090 206 1175 positos
230 1090 315 1155 inter
338 1112 372 1156 se
396 1091 547 1176 aequales
569 1090 722 1156 efficiunt

147 1196 234 1263 Nam
249 1198 331 1264 duae
346 1201 454 1264 reatae
467 1200 543 1280 AB,
558 1200 625 1262 ΓΔ
644 1197 730 1263 inter
744 1220 778 1264 se
793 1203 905 1265 seeent
922 1199 958 1264 in
975 1203 1096 1283 puncto

80 1308 119 1369 E.
162 1303 242 1386 dieo,
266 1326 337 1371 esse
354 1306 548 1382 [ΑΕΓ-τ
564 1309 665 1370 ΔΕΒ
689 1310 722 1371 et
740 1310 762 1382 l,
777 1307 1050 1372 PEB=AEA.

147 1431 223 1475 uam
248 1410 401 1496 quoniam
425 1415 514 1476 recta
539 1417 608 1477 ΑΕ
630 1433 727 1497 super
750 1414 874 1478 rectam
898 1414 966 1477 ΓΔ
990 1416 1096 1478 erecta

481 1522 530 1583 est
546 1518 682 1604 angulos
703 1518 844 1584 efficiens
859 1522 967 1605 ΓΕΑ,
981 1525 1096 1606 ΑΕΔ,

481 1626 591 1712 anguli
609 1628 722 1708 ΓΕΑ,
735 1630 841 1690 ΑΕΔ
855 1625 980 1692 duobus
998 1628 1096 1692 rectis

480 1732 630 1818 aequales
649 1736 726 1797 sunt
741 1734 845 1817 [prop.
856 1731 960 1814 XHI].
984 1754 1095 1799 rursus

95 1844 129 1899 A
388 1830 458 1903 7²
480 1839 633 1923 quoniam
656 1842 746 1904 reeta
762 1842 832 1904 ΔΕ
854 1860 950 1925 super
973 1842 1094 1905 reetam

480 1951 545 2011 AB
574 1950 680 2011 ereata
708 1948 758 2011 est
786 1946 924 2030 angulos
951 1945 1094 2013 efficiens

363 2047 393 2104 Β
479 2058 598 2138 ΑΕΔ,
649 2056 765 2132 ΔΕΒ,
817 2053 929 2138 anguli
975 2056 1095 2137 ΑΕΔ,

78 2161 183 2222 ΔΕΒ
212 2157 336 2224 duobus
364 2161 461 2225 restis
489 2159 641 2245 aequales
665 2162 743 2224 sunt
767 2158 835 2240 [iu]
883 2158 938 2224 sed
962 2159 1094 2225 demon-

77 2267 217 2329 stratum
240 2268 296 2349 est,
320 2266 417 2331 etiam
440 2267 578 2352 angulos
593 2270 705 2349 ΓΕΑ,
720 2269 824 2329 ΑΕΔ
848 2264 973 2330 duobus
997 2266 1093 2331 rectis

77 2371 229 2456 aequales
249 2394 328 2439 esse.
365 2396 463 2459 quare
478 2377 578 2439 ΓΕΑ
589 2377 628 2455 -Ι-
641 2377 747 2439 ΑΕΔ
763 2403 804 2425 =
819 2375 977 2459 ΑΕΔ-Ι·
990 2375 1093 2437 ΔΕΒ

77 2480 118 2559 [κ.
126 2480 194 2544 ἕνν.
204 2478 246 2562 1].
270 2481 488 2566 subtrahatur,
498 2481 553 2565 qui
563 2479 745 2546 eommunis
756 2483 965 2563 est,LAEA.
983 2480 1093 2565 itaque

75 2589 176 2651 ΓΕΑ
196 2616 237 2639 =
253 2590 356 2651 ΒΕΔ
380 2589 421 2669 [κ.
441 2589 508 2652 ἔνν.
527 2588 572 2668 3].
616 2587 765 2652 similiter
792 2586 1093 2672 demonstrabimus,

76 2714 147 2758 esse
172 2693 271 2758 etiam
433 2699 454 2771 L
468 2696 565 2758 ΓΕΒ
580 2724 622 2747 =
636 2699 749 2759 ΔΕΑ.

143 2799 234 2887 Ergo
263 2800 291 2866 si
318 2800 400 2866 duae
428 2803 534 2866 rectae
562 2801 648 2866 inter
672 2824 706 2866 se
730 2805 854 2880 secant,
888 2799 1027 2885 angulos
1052 2799 1091 2864 ad

74 2905 232 2971 uerticem
255 2908 380 2991 positos
404 2907 488 2972 inter
512 2930 547 2973 se
567 2908 716 2993 aequales
736 2907 896 2992 efficiunt3
920 2906 1092 2992 quoderat

75 3013 373 3079 demonstrandum.

147 3205 205 3263 XV.
224 3206 339 3263 Boetius
358 3226 384 3278 p.
400 3213 466 3277 381,
478 3213 518 3262 15.

74 3368 246 3495 rusque.
267 3372 318 3424 ΕΑ
337 3370 368 3424 in
386 3386 442 3425 ras.
461 3371 495 3427 V.
574 3370 670 3440 ΒΕΔ]
691 3372 774 3454 ΔΕΒ
792 3367 815 3421 Β
835 3369 864 3422 et
881 3367 911 3423 in
929 3384 982 3423 ras.
1002 3367 1035 3422 V.

71 3437 123 3512 δή]
167 3441 227 3508 eb,
247 3442 277 3496 et
294 3441 320 3496 V
339 3448 406 3496 m.1
432 3442 481 3498 sed
500 3459 568 3497 corr.
642 3447 684 3497 24.
703 3459 822 3495 ποιωσιν
839 3438 869 3495 Β.
