2514 4012
511 943 551 1028 V,
573 943 612 1007 19
638 942 747 1008 coroll.

191 1069 262 1136 Hae
291 1070 434 1136 rationes
463 1072 571 1134 autem
601 1071 634 1133 et
661 1068 700 1132 de
724 1087 824 1152 aequo
847 1064 1082 1151 multiplicibus
1107 1071 1141 1134 ct

125 1176 164 1242 de
186 1177 452 1262 proportionibus
476 1176 602 1259 ualent,
626 1173 779 1260 quonism
801 1173 829 1238 si
847 1172 987 1257 primum
1007 1174 1138 1240 secundi

126 1304 227 1367 aeque
254 1283 424 1368 multiplex
448 1287 499 1349 est
527 1305 563 1349 ao
591 1281 724 1346 tertium
748 1280 868 1365 quarti,
896 1279 958 1345 erit
980 1280 1079 1345 etiam
1101 1284 1141 1345 ut

123 1388 265 1473 primum
285 1388 326 1453 ad
345 1389 529 1474 secundum,
554 1388 602 1454 ita
619 1389 753 1453 tertium
773 1387 814 1452 ad
833 1389 993 1472 quartum.
1025 1408 1139 1451 uorum

124 1495 269 1560 conuerti
291 1517 358 1561 non
381 1498 502 1580 potest3
525 1517 629 1580 neque
652 1495 739 1560 enim
762 1493 791 1557 si
814 1495 864 1557 ost
881 1495 919 1556 ut
936 1492 1078 1576 primum
1098 1492 1139 1557 cd

124 1602 315 1685 secundum,
342 1603 390 1667 ita
411 1602 545 1679 tertium
570 1601 611 1667 ad
634 1604 799 1685 quartum,
829 1599 901 1664 ideo
927 1620 1053 1683 semper
1077 1598 1141 1664 erit

122 1709 262 1792 primum
295 1708 429 1773 secundi
462 1729 563 1792 aeque
596 1707 767 1791 multiplex
799 1709 831 1771 et
858 1706 992 1770 tertium
1022 1704 1140 1790 quarti,

123 1815 214 1879 uelut
244 1815 279 1878 in
312 1814 495 1879 rationibus
524 1813 736 1898 sesqualteris
763 1813 817 1878 uel
844 1810 1058 1897 sesquitertiis
1085 1810 1139 1875 uel

126 1921 302 2004 similibus3
326 1920 505 2005 quoderat
529 1919 825 1985 demonstrandum.

563 2113 620 2193 VI,
640 2115 692 2179 20.

545 2251 712 2341 Aliter.1)

191 2378 261 2443 Iam
285 2380 378 2443 aliter
401 2354 528 2465 quooue
541 2367 732 2464 ⁸promptius
752 2379 1058 2463 demonstrabimus,
1080 2379 1138 2446 tri·

122 2484 259 2570 angulos
284 2485 570 2570 correspondpntes
594 2507 672 2550 esse.

187 2595 351 2676 ponuntur
366 2592 450 2656 enim
464 2614 576 2658 rursus
590 2592 943 2676 polygonsABPAE‚
955 2594 1140 2675 ΖΗΘΚΛ,

121 2700 154 2762 et
176 2697 334 2763 ducantur
357 2702 430 2783 BE,
452 2701 524 2782 ΕΓ,
547 2703 627 2782 ΗΛ,
651 2701 724 2764 ΑΘ.
765 2697 847 2781 dico,
870 2719 941 2763 esse

191 2809 317 2869 ABE:
332 2808 436 2869 ΖΗΛ
451 2834 494 2859 ==
509 2807 629 2870 EBI':
645 2807 750 2869 ΛΗΘ
764 2834 806 2857 ==
820 2805 940 2868 FAE:
954 2806 1069 2869 ΘΚΛ.-

192 3018 218 3084 1)
237 3014 395 3086 Campsnus
409 3015 456 3084 VI,
475 3021 520 3071 18:
535 3013 636 3084 „aliter
649 3013 744 3084 potest
757 3013 944 3070 demonstrari
959 3015 1138 3070 secundum.“

120 3086 220 3141 deindo
240 3086 338 3141 eodem
359 3086 453 3155 modo,
473 3104 528 3157 qno
547 3085 593 3140 hic
612 3084 652 3149 fit
671 3083 852 3151 demonstret
871 3083 1029 3155 triangulos
1046 3103 1137 3142 corre-

121 3157 290 3227 spondentes
309 3174 383 3225 esse,
402 3160 432 3212 et
449 3157 514 3213 inde
534 3156 678 3212 concludit
696 3154 730 3209 de
748 3155 898 3225 polygonis
915 3157 993 3212 totis.

121 3359 162 3408 13.
182 3349 287 3424 ἄλλως]
307 3369 361 3406 om.
381 3353 416 3418 B,
438 3369 475 3407 m.
499 3352 602 3436 mvi
625 3348 674 3421 ἰβ’
692 3369 725 3422 p,
744 3352 766 3405 F
785 3367 840 3439 ma.
863 3358 945 3411 ml.
1001 3358 1043 3408 16.
1062 3347 1133 3424 poio]

117 3441 154 3477 m.
170 3430 186 3478 2
201 3425 230 3479 F.
286 3424 355 3478 Post
374 3423 617 3479 Oros.111tt.V.
673 3429 714 3480 18.
733 3423 802 3478 Post
820 3422 942 3479 ottold.
958 3419 1033 3480 ἐστίν
1047 3424 1134 3498 va,

117 3493 190 3549 Fm.
209 3501 234 3550 2.
310 3497 394 3549 ΖΛΗ
415 3495 449 3563 F,
472 3499 496 3549 Α
520 3493 550 3548 in
573 3510 627 3550 res.
646 3511 683 3551 m.
703 3499 719 3548 2
738 3493 771 3548 V.

817 3607 821 3614 .
917 3584 971 3640 27*
