2514 4012
550 768 629 841 VII.

451 937 726 1006 Definitiones.

153 1068 180 1132 1.
203 1065 322 1130 Unitas
346 1068 396 1130 esi
419 1086 471 1149 ea,
494 1065 670 1130 seeundum
694 1086 790 1148 quam
808 1084 1021 1148 unaquaeque
1043 1084 1095 1128 res

85 1195 149 1237 una
172 1172 367 1237 nominatur.

150 1280 181 1343 2.
203 1277 366 1343 Numerus
400 1281 509 1342 autem
543 1279 593 1341 esi
630 1276 803 1342 multitudo
842 1297 880 1340 ex
916 1274 1096 1340 unitatibus

82 1384 272 1468 composita.

123 1486 128 1499 ⁴
151 1490 181 1554 3.
204 1488 285 1552 Pars
310 1490 359 1552 est
382 1488 488 1552 minor
510 1509 663 1552 numerus
687 1487 833 1572 maioris,
857 1487 917 1567 ,ubi
940 1487 1097 1552 maiorem

85 1595 227 1661 metitur.

150 1702 181 1766 4.
204 1701 318 1766 Partes
342 1705 466 1784 autem,
487 1700 546 1765 ubi
569 1722 637 1766 non
659 1700 800 1765 meiitur.

151 1807 180 1873 5.
203 1806 374 1899 Multiplex
398 1810 506 1872 autem
530 1807 634 1872 maior
657 1807 802 1891 minoris,
825 1807 881 1872 ubi
899 1806 1006 1872 minor
1025 1828 1098 1871 eum

82 1914 225 1979 metitur.

152 2020 182 2084 6.
204 2018 268 2084 Par
295 2041 447 2096 numerus
476 2022 538 2103 est,
568 2019 680 2104 quiin
703 2020 784 2084 duas
811 2024 919 2104 partes
947 2018 1098 2103 aequales

85 2125 247 2201 diuiditur.

153 2233 181 2297 7.
205 2232 316 2316 Impar
340 2236 462 2317 autem,
486 2233 597 2317 quiin
621 2234 700 2298 duas
724 2239 835 2318 paries
860 2234 1011 2318 aequales
1032 2253 1099 2297 non

86 2338 252 2422 diuiditur,
277 2339 346 2402 siue
371 2339 426 2419 qui
450 2338 576 2402 unitate
602 2339 710 2404 differt
733 2362 752 2405 a
775 2340 848 2424 pari
870 2360 1017 2404 numero.

154 2445 183 2510 8.
206 2443 331 2509 Pariter
362 2466 421 2529 par
451 2449 500 2509 est
527 2466 696 2530 numerus,
729 2467 822 2529 quem
854 2467 915 2530 par
947 2466 1099 2509 uumerus

88 2551 264 2616 seeundum
286 2572 399 2636 parem
421 2572 590 2615 numerum
616 2549 799 2636 metitur.¹)J

154 2658 184 2722 9.
207 2657 334 2722 Pariter
362 2661 470 2723 autem
496 2658 603 2742 impar
632 2660 693 2739 est,
727 2678 821 2740 quem
853 2678 913 2740 par
944 2678 1097 2720 uumerus
1155 2648 1158 2657 ’

88 2764 265 2829 secundum
289 2765 447 2848 imparem
471 2786 641 2829 numerum
665 2760 835 2848 metitur.²)

162 2976 187 3043 1)
206 2974 268 3030 Des.
297 2979 313 3028 8
342 2973 461 3044 scriptor
487 2973 582 3029 neseio
610 2973 685 3056 quis,
714 2974 763 3043 qui
785 2972 938 3043 Philoponi
961 2989 1100 3028 commen·

87 3044 223 3100 tarium
214 3063 245 3100 ιιι
268 3044 472 3100 Nicomachum
490 3044 668 3130 retractauit,
692 3045 767 3128 apud
784 3043 882 3100 Hoehe
900 3044 1010 3114 Philop.
1030 3049 1099 3100 1866

85 3134 113 3185 p.
138 3115 200 3170 V
191 3134 221 3169 ιιι
250 3111 464 3202 quibusdam'
445 3110 637 3203 artapeuipprs
655 3085 697 3170 ita
718 3114 828 3170 inuenit
851 3131 1022 3202 expressam:
1051 3109 1100 3183 ἆρ-

89 3182 181 3248 reduce
188 3182 295 3272 ἄρτιός
314 3182 389 3242 ἐστιν
407 3181 531 3272 ἀριθμὸς
550 3181 598 3241 ὁ
584 3182 640 3241 υπὸ
660 3181 759 3254 ἀρτίου
773 3182 900 3256 ἀριθμοῦ
915 3181 988 3240 κατὰ
1002 3179 1101 3254 ἄρτιον

88 3253 216 3326 ἀριθμὸν
235 3256 327 3327 μόνως
346 3253 548 3328 μετρούμενος,
569 3257 603 3311 de
622 3273 677 3326 qua-
696 3258 834 3327 scriptura
850 3255 923 3312 falsa
941 3273 967 3311 u
984 3255 1102 3311 Studien

86 3346 113 3398 p
158 3399 246 3466 2)De
276 3400 330 3454 def
356 3420 366 3453 ι
371 3399 570 3469 'interpolata
592 3417 618 3454 u.
645 3397 811 3468 Studienp.
837 3404 887 3454 198
909 3415 964 3467 sq.;
988 3413 1041 3452 om.
1065 3398 1100 3452 ed

87 3470 172 3525 Basil.
193 3472 222 3524 et
241 3470 398 3540 Gregorius.
