2514 4012
318 207 594 257 mauauuoauu
611 207 720 257 masa
738 207 798 258 vn.
1009 203 1074 268 203

59 372 135 433 pars
173 353 223 414 est
258 350 357 414 etiam
390 354 423 413 A
455 350 581 413 numeri
613 353 689 434 ΕΖ,
725 353 805 433 quot
837 352 913 414 sunt
943 349 979 413 in
1012 352 1079 414 ΒΓ

60 457 186 521 numeri
218 478 353 521 numero
386 461 418 520 A
451 456 617 539 aequales,
648 455 786 520 totidem
820 456 917 520 etiam
950 456 985 520 in
1013 459 1075 520 ΕΖ
1116 468 1122 479 ‘

59 562 186 626 numeri
218 567 294 625 sunt
322 583 456 626 numero
486 566 519 625 A
547 560 707 645 aequales.
760 561 923 627 diuidatur
951 565 1016 626 ΒΓ
1040 562 1074 626 in
1106 608 1108 612 -

58 689 210 733 numeres
233 689 368 732 numero
391 673 423 732 A
447 667 597 751 aequales
621 670 703 749 ΒΗ,
722 669 799 751 ΗΓ,
821 670 884 731 ΕΖ
907 671 1016 731 autem
1040 668 1073 732 in

60 778 138 856 ΕΘ,
162 778 223 839 ΘΖ
251 795 385 838 numero
410 778 444 837 A
471 774 629 857 aequales
681 772 743 836 erit
768 773 871 854 igitur
898 773 1073 839 multitudo

58 901 267 944 numerorum
291 883 369 963 ΒΗ,
388 883 458 945 ΗΓ
477 879 680 944 multitudini
697 900 907 943 numerorum
926 883 998 962 ΕΘ,
1012 884 1073 944 ΘΖ

57 987 212 1070 aequalis.
259 992 291 1050 et
315 986 469 1070 quoniam
493 989 543 1049 est
565 988 639 1049 ΒΗ
649 1015 691 1038 ==
705 991 750 1068 A,
773 988 838 1049 ΒΘ
851 1015 893 1038 -=
910 989 955 1068 A,
979 989 1074 1050 erunt

58 1096 131 1156 ΒΗ
144 1095 182 1172 -Ι-
201 1097 264 1157 ΕΘ
279 1122 320 1144 =
336 1098 367 1156 A
383 1094 424 1173 -l-
442 1096 483 1156 A.
530 1091 642 1155 eadem
666 1091 705 1156 de
728 1112 826 1156 eausa
849 1091 949 1156 etiam

356 1200 427 1261 ΗΓ
439 1200 478 1277 -l-
495 1201 555 1261 ΘΖ
573 1227 613 1249 =
629 1203 660 1261 A
676 1200 716 1279 -Ι-
733 1202 774 1262 A.

56 1306 169 1389 itaque
198 1308 279 1389 quot
307 1308 384 1370 sunt
410 1305 445 1368 in
469 1306 536 1367 ΒΓ
554 1304 679 1368 numeri
701 1325 835 1374 numero
858 1309 890 1368 A
914 1304 1075 1387 aequales,

56 1411 194 1476 totidem
224 1417 300 1476 sunt
328 1413 426 1475 etiam
449 1411 483 1474 in
507 1412 574 1474 ΒΓ
593 1413 633 1492 -Ι-
654 1414 717 1474 ΕΖ
740 1411 884 1475 numeris
908 1415 940 1474 A
969 1413 1009 1491 -Ι-
1038 1416 1072 1475 A

58 1518 218 1601 aequales.
265 1539 363 1601 quare
387 1517 513 1601 quoties
537 1516 709 1602 multiplex
733 1520 784 1581 est
802 1520 868 1582 ΒΓ
885 1517 1014 1581 numeri
1032 1522 1072 1600 A,

57 1623 155 1688 toties
193 1623 364 1707 multiplex
401 1628 451 1686 est
487 1622 586 1687 etiam
621 1625 689 1687 ΒΓ
704 1626 744 1705 -Ι-
765 1626 828 1686 ΕΖ
864 1643 1072 1688 numerorum

58 1736 89 1794 A
105 1732 146 1810 -l-
163 1733 206 1793 A.
251 1729 361 1813 itaque
385 1750 467 1812 quae
489 1751 566 1811 pars
590 1732 640 1793 est
661 1735 693 1794 A
716 1729 843 1794 numeri
866 1731 937 1813 ΒΓ,
960 1729 1072 1794 eadem
1182 1821 1184 1825 .

58 1858 135 1919 pars
155 1836 254 1899 etiam
274 1840 306 1898 A
321 1838 361 1916 -Ι-
379 1839 412 1898 Δ
432 1838 509 1898 sunt
526 1856 733 1899 numerorum
752 1837 819 1899 ΒΓ
830 1837 869 1914 -Ι-
887 1838 963 1919 ΕΖ,
987 1835 1073 1919 quod

56 1944 128 2006 erat
150 1941 447 2005 demonstrandum.

533 2098 590 2165 VI.

124 2222 333 2312 Sinumerus
357 2223 483 2287 numeri
506 2227 616 2306 partes
641 2229 728 2306 sunt,
752 2224 890 2288 elalius
914 2245 1069 2287 numerus

57 2332 140 2395 alius
164 2331 289 2393 numeri
314 2330 444 2394 eaedem
467 2334 592 2413 partes,
621 2330 721 2395 etiam
744 2333 878 2414 uterque
902 2331 1069 2414 utriusque

58 2435 188 2501 eaedem
212 2438 322 2517 partes
347 2438 454 2519 erunt,
479 2457 561 2519 quae
585 2457 668 2499 unus
691 2435 798 2500 unius.

122 2540 208 2606 Nam
231 2563 384 2605 numerus
408 2544 473 2605 AB
497 2544 607 2624 partes
632 2541 698 2605 sint
720 2542 848 2605 numeri
871 2543 907 2626 Γ,
931 2548 964 2606 et
987 2544 1069 2608 alius

56 2653 127 2713 ΑΒ
157 2647 239 2711 alius
274 2652 299 2711 Z
334 2647 465 2711 eaedem
497 2650 619 2730 partes,
658 2667 740 2730 quae
773 2651 838 2711 AB
870 2648 998 2712 numeri
1034 2652 1070 2713 Γ.

54 2928 207 2998 Augustus.
263 2934 287 2982 9.
306 2928 377 2999 τοῖς]
397 2922 453 2995 ἄρα
472 2934 530 2990 τοῖς
547 2927 582 2984 V.
638 2927 676 2998 A]
696 2933 722 2982 A
741 2929 796 2982 ἴσοι
816 2926 888 2982 εἰσίν
907 2927 940 2982 V.
996 2921 1070 2999 ὅσοι]

55 2995 101 3054 ὄσ·
119 3000 149 3053 in
167 3015 220 3053 raa.
240 3016 276 3051 m.
296 3006 312 3053 2
332 2999 366 3065 Βς
387 3000 431 3067 ἴση
452 3019 473 3067 φ
493 2999 560 3066 (non
582 2998 626 3068 F).
716 2996 800 3070 εἰσίν]
826 3015 880 3054 om.
903 2998 934 3053 P.
1027 3006 1069 3054 10.

55 3069 127 3124 εἰσιν
146 3069 204 3123 ΡΒ.
262 3075 303 3123 12.
324 3064 399 3124 ἐστίν
418 3069 448 3124 Ρ.
505 3076 546 3124 13.
566 3062 599 3140 ὅ]
620 3087 674 3125 om.
695 3090 716 3138 φ
741 3071 808 3136 (non
825 3070 866 3139 F).
922 3070 1017 3140 μέρος]
1039 3070 1068 3137 Β,

54 3141 108 3211 μέν
127 3161 157 3209 φ.
231 3146 272 3195 15.
293 3141 396 3211 δεῖξαι]
416 3141 532 3209 ποιῆσαι
550 3140 583 3196 V.
658 3148 699 3196 17.
719 3139 803 3211 μέρος
821 3160 848 3211 p.
921 3147 965 3196 21.
984 3137 1069 3211 siqu&-

54 3211 126 3298 qaia]
146 3207 271 3280 ἀριθμόν
291 3232 313 3278 φ
333 3213 398 3278 (non
416 3210 457 3280 F).
529 3217 572 3267 22.
593 3211 664 3282 AE]
685 3215 709 3265 E
728 3229 812 3281 supra
830 3231 867 3269 m.
888 3211 950 3267 lV.
1024 3218 1066 3268 23.

54 3301 99 3336 οτι
118 3278 327 3351 συναμφότεροι
347 3279 376 3335 ol
392 3301 419 3351 p.
