2514 4012
141 206 207 271 ρος
527 205 729 258 mommsen
747 200 786 273 η’.

142 346 307 434 ἀλλήλους
331 338 431 433 ἄσιν,
462 347 632 434 ἐλάχιστοί
655 351 719 415 εἰσι
742 349 810 414 τῶν
833 345 894 414 τὸν
922 343 1041 416 αὐτὸν
1072 347 1175 436 λόγον

142 454 289 542 ἐχόντων
313 451 435 534 αὐτοῖς.
478 457 514 522 ολ
535 460 578 539 Γ,
599 461 651 539 A,
672 461 704 520 E
725 450 792 539 ἄρα
814 453 872 520 καὶ
894 450 931 521 ὀί
954 461 995 540 Ζ,
1016 461 1068 539 H,
1089 463 1127 541 Θ,
1145 461 1178 522 Κ
1187 455 1191 463 ’

142 559 313 648 ἐλᾶχιστοί
344 564 406 629 εἰσι
444 563 513 628 τῶν
545 557 606 627 τὸν
639 557 745 628 αὐτὸν
777 555 882 646 λόγον
912 558 1075 646 ἐχόντων
1107 575 1174 640 τοῖς

142 678 189 753 A,
209 675 251 735 Β·
276 667 358 755 ὅπερ
383 671 451 735 ἔδει
475 669 589 747 δεῖξαι.

109 871 125 918 5
327 895 331 901 ·
555 861 750 948 Πόρισμα.

207 985 261 1054 Ἐκ
295 986 337 1073 δή
370 986 494 1055 τούτου
527 985 695 1072 φανερόν,
727 982 780 1054 ὅτι
812 981 872 1053 ἐὰν
899 998 991 1072 τρεῖς
1027 982 1171 1074 ἀριθμοὶ

142 1094 215 1180 ἑξῆς
243 1090 414 1178 ἄνᾶλογον
443 1091 610 1178 ἐλάχιστοι
639 1083 701 1160 οἷσι
733 1094 801 1159 τῶν
830 1088 890 1159 τὸν
919 1088 1032 1160 αὐτὸν
1068 1093 1171 1181 λόγον

142 1198 289 1286 ἐχόντων
318 1197 450 1285 αὐτοῖς,
484 1201 519 1267 οί
544 1196 642 1286 ἄκροι
677 1195 793 1266 αὐτῶν
825 1197 1042 1284 τετράγωνοί
1074 1205 1170 1286 εἰσιν,

143 1304 204 1373 ἐὰν
228 1304 265 1373 δὲ
288 1307 461 1392 τέσσαρες,
485 1303 593 1391 κύβοι.

94 1527 127 1576 10
169 1531 171 1535 ’
631 1528 675 1587 7·

206 1623 294 1692 Ἐᾶν
325 1616 423 1693 οἷσιν
453 1620 673 1693 ὁποσοιοῦν
701 1621 875 1711 ἄριθμολ
903 1622 993 1709 ἑξῆς
1024 1622 1170 1694 ἄνᾶλο-

142 1757 214 1816 νον
242 1730 447 1818 ἐλᾶχιστοι
475 1734 552 1800 τῶν
580 1728 651 1798 τὸν
680 1726 805 1797 αὐτὸν
838 1728 960 1815 λόγον
989 1730 1169 1818 ἐχόντων

143 1833 295 1923 αὐτοῖς,
320 1841 359 1906 ολ
379 1835 497 1926 ἄκροι
521 1836 652 1905 αὐτῶν
677 1839 826 1923 ιιροῖτοι
849 1831 1168 1924 τιρὸς-ἄλλήλονς

143 1947 260 2011 ελσίν.

90 2077 122 2125 15
200 2048 376 2118 Ἔστωσαν
405 2047 592 2118 ὁποσοιοῦν
623 2048 768 2136 ἄρνθμοὶ
797 2049 872 2135 ἑξῆς
893 2044 1073 2134 ἄνᾶλογον
1096 2049 1167 2118 ἐλᾶ-

143 2176 250 2243 χιστοι
273 2160 341 2224 τῶν
373 2155 433 2225 τὸν
464 2154 570 2224 αὐτὸν
602 2155 707 2242 λόγον
741 2157 887 2242 ἐχόντων
914 2150 1033 2234 αὐτοῖς
1064 2159 1100 2224 ολ
1126 2164 1166 2240 A,

144 2271 184 2347 Β,
203 2269 241 2347 Γ,
261 2269 305 2328 A·
337 2263 439 2347 λέγω,
470 2259 521 2330 ὅτι
546 2267 580 2329 ολ
602 2260 700 2349 ἄκροι
724 2259 837 2329 αὐτῶν
862 2263 896 2327 ολ
918 2269 960 2346 A,
981 2269 1014 2327 A
1039 2266 1165 2349 πρῶτοι

144 2367 228 2455 πρὸς
251 2366 420 2454 ἀλλήλους
445 2371 541 2435 εἰσίν.

212 2473 445 2560 Εἰλήφθωσαν
478 2472 544 2560 γὰρ
574 2473 636 2542 δύο
666 2474 727 2560 μὲν
756 2471 897 2559 ἀριθμοὶ
931 2472 1100 2559 ἐλάχιστοι
1129 2477 1164 2542 ἐν

92 2619 126 2666 20
145 2586 189 2671 τῷ
213 2584 281 2648 τᾶν
306 2589 348 2665 A,
368 2587 407 2664 Β,
427 2587 464 2665 Γ,
487 2588 520 2668 A
542 2579 632 2670 λόγῳ
658 2582 692 2647 ολ
713 2587 752 2663 Ε,
773 2586 810 2663 Ζ,
835 2592 922 2666 τρεῖς
941 2579 979 2645 δὲ
1002 2582 1039 2645 οἱ
1060 2588 1106 2665 H,
1127 2589 1162 2663 Θ,

144 2693 186 2772 K,
210 2687 265 2754 καὶ
289 2687 363 2773 ἑξῆς
387 2687 438 2753 ἑνὶ
461 2691 612 2770 πλείους,
641 2687 702 2763 ἕως
730 2686 767 2753 τὸ
800 2681 1061 2770 λαμβανόμενον
1083 2689 1163 2770 πλῆ-

145 2803 209 2871 θος
233 2801 309 2860 ἴσον
332 2793 469 2877 γένηται
497 2796 542 2883 τῷ
571 2791 693 2877 πλήθει
713 2795 781 2859 τῶν
800 2800 841 2875 A,
870 2798 909 2875 B,
929 2796 966 2874 Γ,
988 2799 1030 2857 A.
1077 2791 1163 2878 εἰλή-

145 2909 291 2985 φθωσαν
315 2897 371 2965 καὶ
396 2903 545 2965 ἔστωσαν
570 2901 604 2965 οἱ
626 2905 673 2982 A,
697 2905 751 2982 M,
772 2905 820 2981 N,
839 2900 874 2973 Ξ.

220 3119 243 3165 1.
264 3110 335 3165 εἰσιν
354 3111 413 3164 ΡΒ.
489 3116 513 3166 2
534 3110 575 3180 K]
597 3126 665 3165 corr
687 3126 721 3163 ex
740 3114 818 3163 Fm.
838 3109 907 3163 2V.
981 3117 1005 3163 ὁ.
1025 3107 1163 3181 πόρισμα]

148 3182 424 3323 ffltsgthKKontKvoffils
430 3201 519 3321 φφ
498 3177 919 3322 ἄσινθΒξαν]λᾶῆοῆῆ(ἱιιιὲωφ.2
945 3179 1000 3305 1Βῂ
1008 3180 1060 3322 ὃῖἄ]
1081 3189 1165 3322 ιορᾶο

147 3345 183 3380 m.
204 3326 273 3379 2V.
346 3323 495 3393 τέσσαρες]
521 3324 592 3376 δΒ.
667 3329 708 3378 17.
731 3324 813 3394 Γ]μ
816 3324 894 3377 osten,
916 3323 1011 3377 insert.
1037 3341 1076 3376 m.
1096 3325 1164 3378 lV

148 3403 190 3450 20.
211 3393 240 3450 ολ
259 3397 301 3465 Η]
323 3413 392 3449 corr.
414 3412 447 3449 ex
467 3393 549 3449 ολιιι.
568 3394 635 3448 2Β.
727 3401 768 3448 21.
785 3393 858 3483 Κ]
850 3412 880 3448 m
898 3411 951 3448 ras
974 3393 1003 3445 P
1097 3395 1165 3465 καί]

148 3485 240 3554 supra
255 3466 320 3520 add.
346 3464 377 3519 αἱ
400 3485 437 3519 m.
463 3472 476 3518 1
503 3465 537 3531 Ρ,
565 3462 654 3518 καὶ’
636 3467 686 3519 αεί
706 3466 736 3518 Β
784 3485 836 3527 εως
861 3455 895 3519 οὖ
924 3464 1023 3518 Theon
1052 3465 1166 3536 (3ch),

149 3536 201 3599 ἕως
220 3533 258 3591 ἄν
278 3538 397 3606 August
439 3543 481 3590 23
502 3533 668 3607 ἔστωσαν]
659 3556 687 3589 ν
708 3553 723 3590 e
743 3552 811 3590 corr
831 3555 867 3590 m.
887 3552 941 3590 rec
961 3534 991 3591 P.
