2514 4012
399 203 677 258 mammosam
695 203 804 256 LIBER
823 203 872 256 111.
1075 198 1138 266 16⁹(

119 353 219 419 rectis
247 351 290 417 ad
317 350 473 416 terminos
497 349 602 414 ductis
627 352 747 432 rectae,
775 369 857 432 quae
880 347 968 412 basis
992 351 1042 412 eet
1065 367 1137 432 seg-

122 459 234 543 menti,
258 481 277 524 a
300 456 397 523 rectis
421 455 526 522 ductis
550 453 841 539 comprehenditur.

189 563 244 632 IX.
293 563 360 629 Ubi
391 583 468 629 uero
500 565 607 628 rectae
639 561 794 646 angulum
827 558 1135 645 comprehendentes

122 692 233 737 arcum
262 672 404 755 aliquem
432 668 639 752 abscindunt,
672 667 809 752 angulus
837 667 871 731 in
894 688 932 732 eo
956 667 1135 732 consistere

121 777 248 845 dicitur.

211 883 251 951 X.
282 881 394 950 Seotor
421 885 529 948 autem
554 881 665 947 circuli
688 885 738 946 est
760 880 878 966 figura,
906 902 988 965 quae
1012 880 1133 965 angulo

120 991 164 1057 ad
189 994 338 1056 centrum
363 990 475 1056 circuli
497 992 682 1055 constructo
707 1011 726 1054 a
750 989 847 1055 rectis
871 987 1027 1072 angulum
1050 1007 1139 1052 com-

119 1095 397 1181 prehendentibus
421 1099 454 1161 et
478 1117 554 1161 arou
577 1095 618 1161 ab
643 1095 683 1160 iis
706 1094 833 1160 absciso
857 1093 1047 1160 continetur.

189 1201 245 1268 XI.
269 1201 395 1268 Similia
418 1205 584 1288 segmenta
607 1201 799 1267 circulorum
823 1203 908 1284 sunt,
932 1221 1014 1285 quae
1036 1219 1137 1284 augu-

119 1309 172 1374 los
202 1310 351 1394 aequales
381 1308 526 1394 capiunt,
559 1309 611 1374 uel
639 1308 674 1373 in
702 1307 818 1391 quibus
851 1306 963 1392 anguli
987 1307 1138 1392 aequales
1183 1348 1186 1354 -

119 1418 198 1480 sunt
223 1415 294 1498 [cfr.
317 1415 385 1481 def.
403 1417 447 1497 8].

618 1520 644 1586 Ι.

189 1645 268 1713 Dati
291 1647 402 1713 circuli
425 1649 572 1712 centrum
595 1645 750 1710 inuenire.

189 1752 241 1818 Sit
272 1753 367 1818 datus
404 1752 541 1818 circulus
570 1754 677 1818 ΑΒΓ.
724 1755 852 1836 oportet
887 1751 988 1836 igitur
1025 1751 1136 1816 circuli

118 1863 225 1928 ΑΒΓ
244 1863 389 1925 centrum
413 1859 569 1934 inuenire.

241 2021 276 2082 F
453 1964 650 2050 producatur
681 1965 715 2028 in
748 1987 821 2029 eum
848 1969 1011 2049 utcunque
1044 1968 1133 2030 recta

388 2077 421 2136 A
427 2076 456 2137 Β
462 2122 471 2156 ,
503 2076 537 2136 et
567 2072 602 2136 in
633 2075 754 2156 puncto
783 2076 817 2135 Δ
846 2071 881 2136 in
914 2070 994 2136 duas
1026 2076 1136 2155 partes

389 2179 538 2262 aequales
563 2182 696 2262 secetur,
720 2182 753 2242 et
776 2201 796 2243 a
815 2183 849 2242 Δ
868 2176 909 2242 ad
927 2183 1051 2243 rectam
1070 2183 1138 2243 AB

232 2284 664 2485 ,rperpendicularis
697 2284 832 2350 ducatur
857 2288 925 2349 ΔΓ
950 2284 989 2369 [1,
1014 2286 1083 2367 11],
1107 2290 1139 2350 et

388 2391 586 2476 producatur
611 2389 651 2455 ad
669 2395 710 2475 E,
734 2395 767 2455 et
780 2394 845 2455 ΓΕ
865 2392 900 2455 in
924 2390 1003 2456 duas
1026 2395 1136 2477 partes

148 2499 151 2504 ⁴
222 2496 365 2570 AV?
388 2499 538 2583 aequales
562 2501 687 2562 secetur
710 2498 744 2562 in
758 2502 794 2563 Z.
832 2497 912 2582 dico,
937 2502 964 2562 Z
988 2502 1135 2564 centrum

231 2583 270 2638 Ε
388 2626 458 2669 esse
483 2605 594 2669 circuli
617 2608 723 2669 ΑΒΓ.

187 2708 238 2774 Ne
262 2711 306 2775 sit
329 2710 424 2794 enim,
448 2709 512 2793 sed,
538 2711 566 2774 si
589 2710 657 2775 fieri
679 2714 797 2795 potest,
827 2711 871 2776 sit
893 2715 937 2795 H,
962 2716 994 2776 et
1017 2711 1135 2776 ducan-

118 2820 173 2880 tur
195 2821 278 2902 ΗΑ,
302 2821 384 2900 ΗΛ,
407 2821 485 2882 ΗΒ.
527 2820 560 2880 et
582 2817 736 2901 quoniam
760 2824 830 2882 ΑΔ
847 2847 889 2871 =
905 2822 981 2902 AB,
1005 2823 1038 2883 et
1062 2822 1139 2883 ΛΗ

118 2923 302 2988 communis
336 2928 398 3007 est,
431 2923 513 2989 duae
540 2926 648 2989 rectae
676 2929 759 3008 ΑΔ,
797 2928 875 2989 ΔΗ
901 2924 1026 2989 duabus
1055 2929 1137 3009 ΗΔ,

120 3033 188 3093 ΛΒ
212 3030 363 3114 aequales
388 3034 463 3094 sunt
486 3031 589 3094 altera
613 3030 716 3094 alteri.
756 3034 789 3094 et
812 3034 883 3094 HA
898 3062 940 3083 =
955 3035 1036 3113 HB3
1060 3054 1137 3095 nam

117 3205 154 3260 V.
228 3199 289 3276 ἐπ’]
310 3199 360 3257 ἐπί
376 3205 406 3258 Β.
481 3212 504 3260 ἵ.
524 3203 568 3275 δέ]
590 3222 680 3275 emp.
747 3211 787 3260 11.
808 3201 930 3275 κύκλων]
951 3204 1032 3274 PBp,
1052 3205 1136 3275 Hero,

118 3274 290 3344 Simplicius,
309 3275 436 3343 Boetiue3
456 3273 561 3330 κύκλου
580 3277 636 3345 Vrp.
711 3272 786 3331 ἐστίν
804 3277 837 3330 V.
913 3283 954 3330 17.
974 3272 1055 3345 ἤχθω
1076 3278 1104 3331 Ρ.

119 3352 161 3400 19.
181 3346 251 3401 Post
269 3350 318 3398 AB
337 3362 388 3401 ras.
412 3353 425 3400 1
446 3346 502 3401 litt.
520 3347 553 3400 V.
655 3347 726 3418 ΔΓ]
749 3351 799 3400 ΓΔ
817 3346 846 3401 Ρ.
884 3382 888 3389 =
952 3352 994 3401 21.
1014 3345 1120 3402 κύκλου

117 3435 173 3473 om.
194 3418 223 3472 P.
299 3423 341 3474 22.
362 3414 576 3488 ἐπιζεύχθωσαν
596 3420 625 3473 Ρ.
690 3425 732 3474 23.
756 3417 819 3488 καί]
841 3435 895 3472 om.
916 3436 946 3486 φ.
1003 3424 1045 3473 26.
1065 3415 1118 3474 δύο

117 3490 187 3543 δυσί
203 3489 261 3559 Vp.
353 3490 677 3616 ΗΔ,ΔΒ]ῩΔΗ,ΒΔ
696 3490 725 3546 P.
803 3495 845 3544 26.
867 3491 911 3558 ἴση
932 3483 1007 3543 ἐστίν
1027 3489 1061 3547 V.

117 3555 184 3631 γάρ]
205 3559 269 3628 PB;
289 3555 343 3630 γὰρ
361 3560 412 3615 τοῦ
434 3565 462 3614 H
479 3562 500 3615 F
536 3579 563 3631 p.
