<?xml version="1.0" encoding="UTF-8"?>
<!DOCTYPE html PUBLIC "-//W3C//DTD XHTML 1.0 Transitional//EN"
    "http://www.w3.org/TR/xhtml1/DTD/xhtml1-transitional.dtd">
<html xmlns="http://www.w3.org/1999/xhtml" xml:lang="en" lang="en">
 <head>
  <title>
</title>
<meta http-equiv="Content-Type" content="text/html;charset=utf-8" />
  <meta name='ocr-system' content='tesseract 3.04.00' />
  <meta name='ocr-capabilities' content='ocr_page ocr_carea ocr_par ocr_line ocrx_word'/>
</head>
<body>
  <div class='ocr_page' id='page_1' title='image "./euclidisoperaom03unkngoog_0285.png"; bbox 0 0 2514 4012; ppageno 0'>
   <div class='ocr_carea' id='block_1_1' title="bbox 177 170 892 284">
    <p class='ocr_par' dir='ltr' id='par_1_1' title="bbox 177 170 892 284">
     <span class='ocr_line' id='line_1_1' title="bbox 177 170 892 284; baseline -0.001 -15"><span class='ocrx_word' id='word_1_1' title='bbox 177 215 242 280; x_wconf 81' lang='lat'><strong><em>268</em></strong></span> <span class='ocrx_word' id='word_1_2' title='bbox 515 232 518 236; x_wconf 96' lang='lat'>·</span> <span class='ocrx_word' id='word_1_3' title='bbox 555 215 758 268; x_wconf 71' lang='grc' dir='ltr'><strong><em>αεοιευωω</em></strong></span> <span class='ocrx_word' id='word_1_4' title='bbox 776 211 814 284; x_wconf 64' lang='grc' dir='ltr'><strong><em>γ’.</em></strong></span> <span class='ocrx_word' id='word_1_5' title='bbox 876 170 892 215; x_wconf 67' lang='lat'><strong><em>¹</em></strong></span> 
     </span>
    </p>
   </div>
   <div class='ocr_carea' id='block_1_2' title="bbox 63 355 1247 1504">
    <p class='ocr_par' dir='ltr' id='par_1_2' title="bbox 63 355 1247 1504">
     <span class='ocr_line' id='line_1_2' title="bbox 177 355 1195 446; baseline -0.001 -20"><span class='ocrx_word' id='word_1_6' title='bbox 177 359 261 444; x_wconf 81' lang='grc' dir='ltr'><strong><em>μίνη</em></strong></span> <span class='ocrx_word' id='word_1_7' title='bbox 294 355 472 444; x_wconf 78' lang='grc' dir='ltr'><strong><em>ἐφάπτεται</em></strong></span> <span class='ocrx_word' id='word_1_8' title='bbox 503 361 564 426; x_wconf 83' lang='grc' dir='ltr'><strong><em>τοῦ</em></strong></span> <span class='ocrx_word' id='word_1_9' title='bbox 595 355 734 426; x_wconf 77' lang='grc' dir='ltr'><strong><em>κύκλον·</em></strong></span> <span class='ocrx_word' id='word_1_10' title='bbox 774 355 796 445; x_wconf 81' lang='grc' dir='ltr'><em>ἡ</em></span> <span class='ocrx_word' id='word_1_11' title='bbox 822 365 888 425; x_wconf 86' lang='grc' dir='ltr'><strong><em>ΔΒ</em></strong></span> <span class='ocrx_word' id='word_1_12' title='bbox 916 355 982 446; x_wconf 73' lang='grc' dir='ltr'><strong><em>ἄρα</em></strong></span> <span class='ocrx_word' id='word_1_13' title='bbox 1012 355 1195 444; x_wconf 77' lang='grc' dir='ltr'><strong><em>ἐφάπτεται</em></strong></span> 
     </span>
     <span class='ocr_line' id='line_1_3' title="bbox 176 458 1192 552; baseline 0 -20"><span class='ocrx_word' id='word_1_14' title='bbox 176 468 238 533; x_wconf 81' lang='grc' dir='ltr'><strong><em>τοῦ</em></strong></span> <span class='ocrx_word' id='word_1_15' title='bbox 260 469 365 531; x_wconf 86' lang='grc' dir='ltr'><strong><em>ΑΒΓ</em></strong></span> <span class='ocrx_word' id='word_1_16' title='bbox 390 465 526 534; x_wconf 81' lang='grc' dir='ltr'><strong><em>κύκλου.</em></strong></span> <span class='ocrx_word' id='word_1_17' title='bbox 578 461 702 551; x_wconf 87' lang='grc' dir='ltr'><strong><em>ὁμοίως</em></strong></span> <span class='ocrx_word' id='word_1_18' title='bbox 734 462 776 550; x_wconf 74' lang='grc' dir='ltr'><strong><em>δὴ</em></strong></span> <span class='ocrx_word' id='word_1_19' title='bbox 805 463 1034 552; x_wconf 72' lang='grc' dir='ltr'><strong><em>δειχθήσεται,</em></strong></span> <span class='ocrx_word' id='word_1_20' title='bbox 1062 458 1127 532; x_wconf 79' lang='grc' dir='ltr'><strong><em>κᾶν</em></strong></span> <span class='ocrx_word' id='word_1_21' title='bbox 1152 463 1192 532; x_wconf 87' lang='grc' dir='ltr'><strong><em>τὸ</em></strong></span> 
     </span>
     <span class='ocr_line' id='line_1_4' title="bbox 176 568 741 659; baseline 0 -21"><span class='ocrx_word' id='word_1_22' title='bbox 176 572 318 659; x_wconf 77' lang='grc' dir='ltr'><strong><em>κέντρον</em></strong></span> <span class='ocrx_word' id='word_1_23' title='bbox 341 569 395 638; x_wconf 77' lang='grc' dir='ltr'><strong><em>ἐπὶ</em></strong></span> <span class='ocrx_word' id='word_1_24' title='bbox 417 574 476 657; x_wconf 84' lang='grc' dir='ltr'><strong><em>τῆς</em></strong></span> <span class='ocrx_word' id='word_1_25' title='bbox 498 576 568 638; x_wconf 85' lang='grc' dir='ltr'><strong><em>ΑΓ</em></strong></span> <span class='ocrx_word' id='word_1_26' title='bbox 584 568 741 659; x_wconf 76' lang='grc' dir='ltr'><strong><em>τυγχάνῃ.</em></strong></span> 
     </span>
     <span class='ocr_line' id='line_1_5' title="bbox 241 673 1195 766; baseline 0 -21"><span class='ocrx_word' id='word_1_27' title='bbox 241 675 321 745; x_wconf 82' lang='grc' dir='ltr'><strong><em>Ἐὰν</em></strong></span> <span class='ocrx_word' id='word_1_28' title='bbox 348 675 414 762; x_wconf 75' lang='grc' dir='ltr'><strong><em>ἄρα</em></strong></span> <span class='ocrx_word' id='word_1_29' title='bbox 435 676 562 746; x_wconf 85' lang='grc' dir='ltr'><strong><em>κύκλου</em></strong></span> <span class='ocrx_word' id='word_1_30' title='bbox 585 680 703 766; x_wconf 80' lang='grc' dir='ltr'><strong><em>ληφθῇ</em></strong></span> <span class='ocrx_word' id='word_1_31' title='bbox 725 703 757 745; x_wconf 93' lang='grc' dir='ltr'><strong><em>τι</em></strong></span> <span class='ocrx_word' id='word_1_32' title='bbox 780 690 920 764; x_wconf 83' lang='grc' dir='ltr'><strong><em>σημεῖον</em></strong></span> <span class='ocrx_word' id='word_1_33' title='bbox 942 676 1046 763; x_wconf 77' lang='grc' dir='ltr'><strong><em>ἐκτός,</em></strong></span> <span class='ocrx_word' id='word_1_34' title='bbox 1068 673 1135 744; x_wconf 80' lang='grc' dir='ltr'><strong><em>ἀπὸ</em></strong></span> <span class='ocrx_word' id='word_1_35' title='bbox 1154 676 1195 745; x_wconf 73' lang='grc' dir='ltr'><strong><em>δὲ</em></strong></span> 
     </span>
     <span class='ocr_line' id='line_1_6' title="bbox 63 780 1194 872; baseline -0.001 -21"><span class='ocrx_word' id='word_1_36' title='bbox 63 835 66 840; x_wconf 77' lang='lat'><em>·</em></span> <span class='ocrx_word' id='word_1_37' title='bbox 142 787 239 852; x_wconf 77' lang='grc' dir='ltr'><strong><em>ὀτοῦ</em></strong></span> <span class='ocrx_word' id='word_1_38' title='bbox 270 788 411 871; x_wconf 78' lang='grc' dir='ltr'>σημείου</span> <span class='ocrx_word' id='word_1_39' title='bbox 442 783 526 871; x_wconf 85' lang='grc' dir='ltr'><strong><em>πρὸς</em></strong></span> <span class='ocrx_word' id='word_1_40' title='bbox 558 781 618 852; x_wconf 82' lang='grc' dir='ltr'><strong><em>τὸν</em></strong></span> <span class='ocrx_word' id='word_1_41' title='bbox 644 781 771 852; x_wconf 77' lang='grc' dir='ltr'><strong><em>κύκλον</em></strong></span> <span class='ocrx_word' id='word_1_42' title='bbox 799 788 1029 872; x_wconf 76' lang='grc' dir='ltr'><strong><em>προσπίπτωσι</em></strong></span> <span class='ocrx_word' id='word_1_43' title='bbox 1052 782 1117 852; x_wconf 74' lang='grc' dir='ltr'><strong><em>δύο</em></strong></span> <span class='ocrx_word' id='word_1_44' title='bbox 1140 780 1194 851; x_wconf 83' lang='grc' dir='ltr'><strong><em>εὐ-</em></strong></span> 
     </span>
     <span class='ocr_line' id='line_1_7' title="bbox 176 887 1193 980; baseline -0.002 -21"><span class='ocrx_word' id='word_1_45' title='bbox 176 899 281 978; x_wconf 69' lang='grc' dir='ltr'><strong><em>θεῖαι,</em></strong></span> <span class='ocrx_word' id='word_1_46' title='bbox 303 890 360 958; x_wconf 83' lang='grc' dir='ltr'><strong><em>καὶ</em></strong></span> <span class='ocrx_word' id='word_1_47' title='bbox 381 888 404 977; x_wconf 80' lang='grc' dir='ltr'><em>ἡ</em></span> <span class='ocrx_word' id='word_1_48' title='bbox 427 889 489 978; x_wconf 66' lang='grc' dir='ltr'><strong><em>μὲν</em></strong></span> <span class='ocrx_word' id='word_1_49' title='bbox 507 888 621 958; x_wconf 78' lang='grc' dir='ltr'><strong><em>αὐτῶν</em></strong></span> <span class='ocrx_word' id='word_1_50' title='bbox 639 892 740 980; x_wconf 77' lang='grc' dir='ltr'><strong><em>τίμνη</em></strong></span> <span class='ocrx_word' id='word_1_51' title='bbox 759 889 821 959; x_wconf 90' lang='grc' dir='ltr'><strong><em>τὸν</em></strong></span> <span class='ocrx_word' id='word_1_52' title='bbox 838 889 975 979; x_wconf 84' lang='grc' dir='ltr'><strong><em>κύκλον,</em></strong></span> <span class='ocrx_word' id='word_1_53' title='bbox 997 887 1020 978; x_wconf 77' lang='grc' dir='ltr'>ἡ</span> <span class='ocrx_word' id='word_1_54' title='bbox 1040 889 1077 958; x_wconf 75' lang='grc' dir='ltr'><strong><em>δὲ</em></strong></span> <span class='ocrx_word' id='word_1_55' title='bbox 1091 909 1193 978; x_wconf 90' lang='grc' dir='ltr'><strong><em>προσ-</em></strong></span> 
     </span>
     <span class='ocr_line' id='line_1_8' title="bbox 177 988 1196 1086; baseline -0.001 -21"><span class='ocrx_word' id='word_1_56' title='bbox 177 990 295 1085; x_wconf 82' lang='grc' dir='ltr'><strong><em>πίπτη,</em></strong></span> <span class='ocrx_word' id='word_1_57' title='bbox 330 989 352 1086; x_wconf 81' lang='grc' dir='ltr'><strong><em>ᾖ</em></strong></span> <span class='ocrx_word' id='word_1_58' title='bbox 386 996 424 1065; x_wconf 69' lang='grc' dir='ltr'><strong><em>δὲ</em></strong></span> <span class='ocrx_word' id='word_1_59' title='bbox 451 1023 470 1064; x_wconf 99' lang='grc' dir='ltr'><em>τ</em></span> <span class='ocrx_word' id='word_1_60' title='bbox 634 1005 694 1083; x_wconf 91' lang='grc' dir='ltr'><strong><em>λης</em></strong></span> <span class='ocrx_word' id='word_1_61' title='bbox 729 1001 788 1084; x_wconf 80' lang='grc' dir='ltr'><strong><em>της</em></strong></span> <span class='ocrx_word' id='word_1_62' title='bbox 823 995 1008 1085; x_wconf 80' lang='grc' dir='ltr'><strong><em>τεμνούσης</em></strong></span> <span class='ocrx_word' id='word_1_63' title='bbox 1043 995 1100 1064; x_wconf 79' lang='grc' dir='ltr'><strong><em>καὶ</em></strong></span> <span class='ocrx_word' id='word_1_64' title='bbox 1121 988 1196 1083; x_wconf 72' lang='grc' dir='ltr'><strong><em>’τῆς</em></strong></span> 
     </span>
     <span class='ocr_line' id='line_1_9' title="bbox 178 1099 1247 1191; baseline -0.003 -19"><span class='ocrx_word' id='word_1_65' title='bbox 178 1101 272 1183; x_wconf 80' lang='grc' dir='ltr'><strong><em>ἐκτὸς</em></strong></span> <span class='ocrx_word' id='word_1_66' title='bbox 303 1099 625 1190; x_wconf 80' lang='grc' dir='ltr'><strong><em>ἀπολαμβανομένης</em></strong></span> <span class='ocrx_word' id='word_1_67' title='bbox 655 1100 778 1189; x_wconf 80' lang='grc' dir='ltr'><strong><em>μεταξὺ</em></strong></span> <span class='ocrx_word' id='word_1_68' title='bbox 808 1106 870 1171; x_wconf 82' lang='grc' dir='ltr'><strong><em>τοῦ</em></strong></span> <span class='ocrx_word' id='word_1_69' title='bbox 897 1128 933 1170; x_wconf 90' lang='grc' dir='ltr'><strong><em>τε</em></strong></span> <span class='ocrx_word' id='word_1_70' title='bbox 964 1108 1105 1191; x_wconf 83' lang='grc' dir='ltr'><strong><em>σημείου</em></strong></span> <span class='ocrx_word' id='word_1_71' title='bbox 1135 1101 1194 1169; x_wconf 84' lang='grc' dir='ltr'><strong><em>καὶ</em></strong></span> <span class='ocrx_word' id='word_1_72' title='bbox 1243 1119 1247 1129; x_wconf 92' lang='grc'><strong>“</strong></span> 
     </span>
     <span class='ocr_line' id='line_1_10' title="bbox 177 1206 1195 1302; baseline -0.002 -25"><span class='ocrx_word' id='word_1_73' title='bbox 177 1213 236 1297; x_wconf 86' lang='grc' dir='ltr'><strong><em>τῆς</em></strong></span> <span class='ocrx_word' id='word_1_74' title='bbox 257 1212 381 1298; x_wconf 81' lang='grc' dir='ltr'><strong><em>κυρτῆς</em></strong></span> <span class='ocrx_word' id='word_1_75' title='bbox 402 1214 615 1299; x_wconf 82' lang='grc' dir='ltr'><strong><em>περιφερείας</em></strong></span> <span class='ocrx_word' id='word_1_76' title='bbox 638 1215 715 1277; x_wconf 90' lang='grc' dir='ltr'><strong><em>ίσον</em></strong></span> <span class='ocrx_word' id='word_1_77' title='bbox 736 1213 783 1302; x_wconf 76' lang='grc' dir='ltr'><strong><em>τῷ</em></strong></span> <span class='ocrx_word' id='word_1_78' title='bbox 807 1206 868 1277; x_wconf 65' lang='lat' dir='ltr'><strong><em>dm*</em></strong></span> <span class='ocrx_word' id='word_1_79' title='bbox 892 1213 951 1296; x_wconf 81' lang='grc' dir='ltr'><strong><em>τῆς</em></strong></span> <span class='ocrx_word' id='word_1_80' title='bbox 968 1208 1195 1294; x_wconf 84' lang='grc' dir='ltr'><strong><em>προσπιπτού-</em></strong></span> 
     </span>
     <span class='ocr_line' id='line_1_11' title="bbox 126 1313 1194 1405; baseline 0.002 -24"><span class='ocrx_word' id='word_1_81' title='bbox 126 1333 160 1384; x_wconf 87' lang='lat'><strong><em>10</em></strong></span> <span class='ocrx_word' id='word_1_82' title='bbox 179 1335 251 1404; x_wconf 87' lang='grc' dir='ltr'><strong><em>σης,</em></strong></span> <span class='ocrx_word' id='word_1_83' title='bbox 273 1313 293 1404; x_wconf 79' lang='grc' dir='ltr'><em>ἡ</em></span> <span class='ocrx_word' id='word_1_84' title='bbox 318 1320 573 1403; x_wconf 87' lang='grc' dir='ltr'><strong><em>προσπίπτουσα</em></strong></span> <span class='ocrx_word' id='word_1_85' title='bbox 596 1315 757 1402; x_wconf 75' lang='grc' dir='ltr'><strong><em>ἐφάψεται</em></strong></span> <span class='ocrx_word' id='word_1_86' title='bbox 775 1319 836 1383; x_wconf 85' lang='grc' dir='ltr'><strong><em>τοῦ</em></strong></span> <span class='ocrx_word' id='word_1_87' title='bbox 855 1314 1001 1384; x_wconf 83' lang='grc' dir='ltr'><strong><em>κύκλον·</em></strong></span> <span class='ocrx_word' id='word_1_88' title='bbox 1024 1313 1105 1405; x_wconf 80' lang='grc' dir='ltr'><strong><em>ὅπερ</em></strong></span> <span class='ocrx_word' id='word_1_89' title='bbox 1124 1319 1194 1384; x_wconf 77' lang='grc' dir='ltr'><strong><em>ἔδει</em></strong></span> 
     </span>
     <span class='ocr_line' id='line_1_12' title="bbox 178 1426 293 1504; baseline -0.017 -12"><span class='ocrx_word' id='word_1_90' title='bbox 178 1426 293 1504; x_wconf 79' lang='grc' dir='ltr'><strong><em>δείξαι.</em></strong></span> 
     </span>
    </p>
   </div>
   <div class='ocr_carea' id='block_1_3' title="bbox 179 1665 1195 2097">
    <p class='ocr_par' dir='ltr' id='par_1_3' title="bbox 179 1665 1195 2097">
     <span class='ocr_line' id='line_1_13' title="bbox 251 1665 1194 1753; baseline -0.002 -27"><span class='ocrx_word' id='word_1_91' title='bbox 251 1676 276 1726; x_wconf 87' lang='grc'><strong><em>1.</em></strong></span> <span class='ocrx_word' id='word_1_92' title='bbox 295 1671 360 1743; x_wconf 80' lang='grc' dir='ltr'><strong><em>τοῦ]</em></strong></span> <span class='ocrx_word' id='word_1_93' title='bbox 379 1671 430 1726; x_wconf 76' lang='grc' dir='ltr'><strong><em>τοῦ</em></strong></span> <span class='ocrx_word' id='word_1_94' title='bbox 448 1674 532 1726; x_wconf 81' lang='grc' dir='ltr'><strong><em>ΑΒΓ</em></strong></span> <span class='ocrx_word' id='word_1_95' title='bbox 546 1670 603 1753; x_wconf 77' lang='lat' dir='ltr'><strong><em>Vp,</em></strong></span> <span class='ocrx_word' id='word_1_96' title='bbox 622 1669 695 1725; x_wconf 76' lang='lat' dir='ltr'><strong><em>Fm.</em></strong></span> <span class='ocrx_word' id='word_1_97' title='bbox 711 1676 736 1724; x_wconf 79' lang='lat'><strong><em>2.</em></strong></span> <span class='ocrx_word' id='word_1_98' title='bbox 817 1670 869 1724; x_wconf 79' lang='grc' dir='ltr'><strong><em>τοῦ</em></strong></span> <span class='ocrx_word' id='word_1_99' title='bbox 887 1667 1005 1724; x_wconf 80' lang='grc' dir='ltr'><strong><em>κύκλου·</em></strong></span> <span class='ocrx_word' id='word_1_100' title='bbox 1025 1665 1043 1738; x_wconf 79' lang='grc' dir='ltr'>ἡ</span> <span class='ocrx_word' id='word_1_101' title='bbox 1064 1673 1116 1722; x_wconf 89' lang='grc' dir='ltr'><strong><em>ΔΒ</em></strong></span> <span class='ocrx_word' id='word_1_102' title='bbox 1135 1665 1194 1736; x_wconf 74' lang='grc' dir='ltr'><strong><em>ἄρα</em></strong></span> 
     </span>
     <span class='ocr_line' id='line_1_14' title="bbox 179 1735 1194 1814; baseline -0.004 -15"><span class='ocrx_word' id='word_1_103' title='bbox 179 1739 350 1814; x_wconf 75' lang='grc' dir='ltr'><strong><em>ἐφάπτεται]</em></strong></span> <span class='ocrx_word' id='word_1_104' title='bbox 371 1760 428 1813; x_wconf 81' lang='lat' dir='ltr'><strong><em>mg.</em></strong></span> <span class='ocrx_word' id='word_1_105' title='bbox 446 1743 562 1807; x_wconf 83' lang='lat' dir='ltr'><strong>m.1B;</strong></span> <span class='ocrx_word' id='word_1_106' title='bbox 581 1745 651 1797; x_wconf 78' lang='grc' dir='ltr'><strong><em>ιλιοω</em></strong></span> <span class='ocrx_word' id='word_1_107' title='bbox 669 1743 698 1805; x_wconf 82' lang='grc' dir='ltr'><strong><em>Ρ,</em></strong></span> <span class='ocrx_word' id='word_1_108' title='bbox 718 1740 817 1796; x_wconf 79' lang='lat' dir='ltr'><strong>addito</strong></span> <span class='ocrx_word' id='word_1_109' title='bbox 835 1741 887 1795; x_wconf 84' lang='grc' dir='ltr'><strong><em>καί</em></strong></span> <span class='ocrx_word' id='word_1_110' title='bbox 902 1742 969 1796; x_wconf 75' lang='lat' dir='ltr'><strong><em>ante</em></strong></span> <span class='ocrx_word' id='word_1_111' title='bbox 986 1741 1045 1796; x_wconf 82' lang='grc' dir='ltr'><strong><em>τοῦ.</em></strong></span> <span class='ocrx_word' id='word_1_112' title='bbox 1101 1735 1120 1809; x_wconf 80' lang='grc' dir='ltr'>ἡ</span> <span class='ocrx_word' id='word_1_113' title='bbox 1139 1744 1194 1796; x_wconf 84' lang='grc' dir='ltr'><strong><em>ΔΒ</em></strong></span> 
     </span>
     <span class='ocr_line' id='line_1_15' title="bbox 180 1807 1176 1885; baseline -0.002 -16"><span class='ocrx_word' id='word_1_114' title='bbox 180 1819 249 1869; x_wconf 76' lang='grc'><strong><em>-2,</em></strong></span> <span class='ocrx_word' id='word_1_115' title='bbox 264 1809 383 1885; x_wconf 76' lang='grc' dir='ltr'><strong><em>κύκλον]</em></strong></span> <span class='ocrx_word' id='word_1_116' title='bbox 403 1831 458 1869; x_wconf 88' lang='lat' dir='ltr'><strong><em>om.</em></strong></span> <span class='ocrx_word' id='word_1_117' title='bbox 476 1833 509 1885; x_wconf 88' lang='lat' dir='ltr'><strong><em>p;</em></strong></span> <span class='ocrx_word' id='word_1_118' title='bbox 528 1831 584 1884; x_wconf 80' lang='lat' dir='ltr'><strong><em>mg.</em></strong></span> <span class='ocrx_word' id='word_1_119' title='bbox 603 1819 671 1868; x_wconf 62' lang='grc' dir='ltr'><strong><em>πελ</em></strong></span> <span class='ocrx_word' id='word_1_120' title='bbox 690 1811 724 1867; x_wconf 89' lang='lat' dir='ltr'><strong><em>V.</em></strong></span> <span class='ocrx_word' id='word_1_121' title='bbox 790 1819 814 1867; x_wconf 79' lang='lat'><strong><em>2.</em></strong></span> <span class='ocrx_word' id='word_1_122' title='bbox 834 1807 884 1884; x_wconf 78' lang='grc' dir='ltr'><strong><em>δή]</em></strong></span> <span class='ocrx_word' id='word_1_123' title='bbox 903 1809 936 1868; x_wconf 80' lang='grc' dir='ltr'><strong><em>δέ</em></strong></span> <span class='ocrx_word' id='word_1_124' title='bbox 955 1812 989 1881; x_wconf 88' lang='lat' dir='ltr'><strong><em>V,</em></strong></span> <span class='ocrx_word' id='word_1_125' title='bbox 1009 1828 1078 1868; x_wconf 79' lang='lat' dir='ltr'><strong>corr.</strong></span> <span class='ocrx_word' id='word_1_126' title='bbox 1097 1830 1134 1866; x_wconf 90' lang='lat' dir='ltr'><strong><em>m.</em></strong></span> <span class='ocrx_word' id='word_1_127' title='bbox 1150 1817 1176 1868; x_wconf 72' lang='lat'><strong><em>2,</em></strong></span> 
     </span>
     <span class='ocr_line' id='line_1_16' title="bbox 180 1877 1195 1956; baseline -0.004 -16"><span class='ocrx_word' id='word_1_128' title='bbox 180 1891 204 1940; x_wconf 89' lang='grc'><strong><em>3.</em></strong></span> <span class='ocrx_word' id='word_1_129' title='bbox 224 1885 293 1956; x_wconf 82' lang='grc' dir='ltr'><strong><em>ΛΓ]</em></strong></span> <span class='ocrx_word' id='word_1_130' title='bbox 314 1890 341 1940; x_wconf 93' lang='grc' dir='ltr'><strong><em>Γ</em></strong></span> <span class='ocrx_word' id='word_1_131' title='bbox 355 1885 386 1940; x_wconf 88' lang='lat' dir='ltr'><strong><em>in</em></strong></span> <span class='ocrx_word' id='word_1_132' title='bbox 403 1901 456 1940; x_wconf 76' lang='lat' dir='ltr'><strong>ras.</strong></span> <span class='ocrx_word' id='word_1_133' title='bbox 476 1903 512 1938; x_wconf 90' lang='lat' dir='ltr'><strong><em>m.</em></strong></span> <span class='ocrx_word' id='word_1_134' title='bbox 529 1890 543 1938; x_wconf 89' lang='lat'>1</span> <span class='ocrx_word' id='word_1_135' title='bbox 563 1885 594 1938; x_wconf 90' lang='lat' dir='ltr'><strong><em>B.</em></strong></span> <span class='ocrx_word' id='word_1_136' title='bbox 649 1879 783 1953; x_wconf 74' lang='grc' dir='ltr'><strong><em>τυγχάνει</em></strong></span> <span class='ocrx_word' id='word_1_137' title='bbox 801 1885 832 1952; x_wconf 90' lang='grc' dir='ltr'><strong><em>Ρ,</em></strong></span> <span class='ocrx_word' id='word_1_138' title='bbox 851 1900 919 1940; x_wconf 84' lang='lat' dir='ltr'><strong>corr.</strong></span> <span class='ocrx_word' id='word_1_139' title='bbox 939 1901 976 1936; x_wconf 90' lang='lat' dir='ltr'><strong><em>m.</em></strong></span> <span class='ocrx_word' id='word_1_140' title='bbox 992 1889 1016 1938; x_wconf 89' lang='lat'><strong><em>1.</em></strong></span> <span class='ocrx_word' id='word_1_141' title='bbox 1089 1888 1115 1937; x_wconf 76' lang='lat'><strong><em>4.</em></strong></span> <span class='ocrx_word' id='word_1_142' title='bbox 1134 1877 1195 1937; x_wconf 74' lang='grc' dir='ltr'><strong><em>ἄπο</em></strong></span> 
     </span>
     <span class='ocr_line' id='line_1_17' title="bbox 179 1948 1195 2028; baseline -0.004 -16"><span class='ocrx_word' id='word_1_143' title='bbox 179 1954 212 2012; x_wconf 69' lang='grc' dir='ltr'><strong><em>δὲ</em></strong></span> <span class='ocrx_word' id='word_1_144' title='bbox 226 1987 260 1998; x_wconf 92' lang='grc'>-</span> <span class='ocrx_word' id='word_1_145' title='bbox 278 1961 319 2015; x_wconf 85' lang='lat'><strong><em>10.</em></strong></span> <span class='ocrx_word' id='word_1_146' title='bbox 338 1954 456 2028; x_wconf 80' lang='grc' dir='ltr'><strong><em>κύκλου]</em></strong></span> <span class='ocrx_word' id='word_1_147' title='bbox 475 1949 577 2011; x_wconf 76' lang='grc' dir='ltr'><strong><em>καὶτὰ</em></strong></span> <span class='ocrx_word' id='word_1_148' title='bbox 597 1953 662 2025; x_wconf 71' lang='grc' dir='ltr'><strong><em>ἑξῆς</em></strong></span> <span class='ocrx_word' id='word_1_149' title='bbox 679 1953 817 2025; x_wconf 77' lang='lat' dir='ltr'><strong>PBFVp.</strong></span> <span class='ocrx_word' id='word_1_150' title='bbox 881 1961 923 2012; x_wconf 87' lang='lat'><strong><em>11.</em></strong></span> <span class='ocrx_word' id='word_1_151' title='bbox 942 1948 1101 2010; x_wconf 71' lang='grc' dir='ltr'><strong><em>Εὖκλείδον</em></strong></span> <span class='ocrx_word' id='word_1_152' title='bbox 1120 1971 1195 2010; x_wconf 73' lang='grc' dir='ltr'><strong><em>στοι-</em></strong></span> 
     </span>
     <span class='ocr_line' id='line_1_18' title="bbox 179 2021 1157 2097; baseline -0.001 -15"><span class='ocrx_word' id='word_1_153' title='bbox 179 2030 264 2097; x_wconf 79' lang='grc' dir='ltr'><strong><em>χείων</em></strong></span> <span class='ocrx_word' id='word_1_154' title='bbox 282 2031 300 2097; x_wconf 69' lang='grc' dir='ltr'><strong><em>η</em></strong></span> <span class='ocrx_word' id='word_1_155' title='bbox 317 2027 378 2097; x_wconf 86' lang='lat' dir='ltr'><strong><em>PB,</em></strong></span> <span class='ocrx_word' id='word_1_156' title='bbox 397 2023 555 2082; x_wconf 73' lang='grc' dir='ltr'><strong><em>Εὐκλείδου</em></strong></span> <span class='ocrx_word' id='word_1_157' title='bbox 574 2027 718 2097; x_wconf 81' lang='grc' dir='ltr'><strong><em>στοιχείων</em></strong></span> <span class='ocrx_word' id='word_1_158' title='bbox 736 2025 786 2096; x_wconf 76' lang='grc' dir='ltr'><strong><em>τῆς</em></strong></span> <span class='ocrx_word' id='word_1_159' title='bbox 801 2023 914 2089; x_wconf 70' lang='grc' dir='ltr'><strong><em>Θέωνος</em></strong></span> <span class='ocrx_word' id='word_1_160' title='bbox 934 2021 1073 2088; x_wconf 77' lang='grc' dir='ltr'><strong><em>ἐκδόσεως</em></strong></span> <span class='ocrx_word' id='word_1_161' title='bbox 1090 2030 1109 2094; x_wconf 63' lang='grc' dir='ltr'><strong><em>η</em></strong></span> <span class='ocrx_word' id='word_1_162' title='bbox 1125 2025 1157 2082; x_wconf 72' lang='lat' dir='ltr'><strong><em>F.</em></strong></span> 
     </span>
    </p>
   </div>
   <div class='ocr_carea' id='block_1_4' title="bbox 0 0 1262 4012">
    <p class='ocr_par' dir='ltr' id='par_1_4' title="bbox 0 0 1262 4012">
     <span class='ocr_line' id='line_1_19' title="bbox 0 0 1262 4012; baseline 0 0"><span class='ocrx_word' id='word_1_163' title='bbox 0 0 1262 4012; x_wconf 95' lang='lat' dir='ltr'><strong><em> </em></strong></span> 
     </span>
    </p>
   </div>
  </div>
 </body>
</html>
