2514 4012
472 155 683 207 PRAEFATIO.
1043 156 1083 207 IX

178 300 253 383 888,
276 299 452 365 membran.
479 298 579 365 libros
601 297 733 364 I-VlI
756 299 824 383 ipse
848 299 970 364 contuli
994 297 1084 364 Oxo·

179 406 253 471 niae
279 407 372 472 1882.

52 511 86 577 F
113 546 161 560 —
181 510 250 575 cod.
277 510 454 578 Florentin.
481 509 689 577 Laurentian.
711 509 867 595 XXVIII,
887 511 907 577 3
935 531 1019 575 saec.
1043 508 1083 594 X,

179 618 357 683 membran.
401 617 438 682 in
464 616 527 682 hoc
556 638 682 702 quoque
707 617 816 684 codice
840 617 1001 703 scriptura
1025 638 1083 681 an-

178 725 271 810 tiqua
308 746 403 809 saepe
441 746 540 790 manu
576 724 696 789 saeculi
719 722 798 789 XVI
835 727 995 789 renouata
1025 727 1084 806 est,

178 852 261 915 quaa
291 830 404 897 eadem
434 830 539 896 multa
567 829 647 896 folia
673 828 869 894 foliorumue
896 834 1008 915 partes
1032 851 1082 894 re·

179 937 359 1003 sarcinauit
377 940 410 1001 et
429 936 578 1001 ultimam
597 939 725 1022 partem
746 935 865 1001 codicis
884 940 990 1002 totam
1010 958 1083 1022 sup·

178 1043 291 1128 plauit.
328 1065 400 1108 eam
424 1043 609 1129 significaui
631 1043 742 1108 littera
765 1067 801 1128 φ,
824 1043 1007 1129 ubicunqne
1030 1065 1084 1109 an-

181 1149 307 1235 tiquam
333 1150 530 1233 scripturam
557 1150 609 1214 uel
632 1150 765 1216 uitiauit
788 1151 841 1217 uel
863 1149 911 1215 ita
934 1150 1084 1216 obscura·

179 1256 240 1340 uit,
262 1260 300 1322 ut
321 1255 469 1343 dignosci
491 1278 558 1322 non
576 1260 696 1342 posset
725 1260 832 1324 totum
851 1257 993 1323 codicem
1012 1257 1083 1341 ipse

181 1363 306 1429 contuli
328 1361 514 1429 Florentiae
540 1364 635 1430 1881.

56 1471 92 1537 V
111 1506 161 1519 -
180 1470 249 1536 cot
262 1468 448 1537 Uindobon.
467 1467 522 1534 Gr.
540 1470 602 1536 103
626 1491 709 1536 saec.
723 1468 889 1555 XI-XII,
903 1470 1084 1535 membran.

180 1579 306 1661 partem
330 1575 481 1640 ultimam
503 1575 539 1640 in
562 1575 678 1641 charta
701 1575 897 1661 bombycina
922 1575 1085 1660 suppleuit

182 1705 297 1749 manus
321 1683 441 1748 saeculi
456 1681 546 1748 XIII.
578 1687 686 1748 totum
705 1682 828 1748 contuli
846 1684 915 1768 ipse
934 1679 1084 1746 Hauniae

187 1791 279 1856 1880.

62 1899 87 1962 b
112 1931 160 1945 —
183 1895 252 1962 cod.
265 1895 483 1961 bibliothecae
502 1895 716 1961 communalis
736 1894 949 1961 Bononiensis
973 1916 1086 1960 nume-

182 2001 228 2068 ris
249 2003 379 2069 18-19
400 2003 528 2088 signat,
551 2024 632 2068 saec.
647 2001 704 2085 XI,
728 2002 905 2067 membran.
934 2001 1085 2066 libruml

184 2108 307 2174 contuli
330 2112 363 2173 et
387 2109 470 2174 alios
493 2109 665 2175 nonnullos
688 2110 776 2174 locos
801 2108 927 2192 inspexi
951 2107 1085 2173 Floren-

180 2216 247 2281 tiae
273 2215 367 2280 1881.

66 2346 87 2407 p
115 2358 155 2368 —
183 2321 251 2387 cod.
285 2321 426 2386 Parisin.
459 2319 513 2386 Gr.
546 2322 633 2387 2466
671 2343 752 2386 saec.
789 2320 865 2404 XII,
906 2322 1088 2386 membran.

181 2428 304 2492 librum
332 2427 348 2491 I
378 2429 501 2492 contuli
523 2428 656 2493 Parisiis
683 2428 781 2509 1880,
813 2427 913 2492 libros
943 2425 1088 2491 II-VII

182 2531 330 2596 Hauniae
357 2534 452 2598 1882.

136 2851 265 2935 Restat,
296 2857 334 2916 ut
360 2855 456 2936 grato
487 2851 592 2915 officio
626 2850 746 2937 fungar
775 2854 815 2917 iis
848 2852 927 2917 uiris
960 2852 1087 2935 gratias

66 2981 170 3044 quam
195 2958 353 3023 maximas
376 2958 502 3044 agendi,
526 2958 580 3042 qui
603 2959 708 3023 labori
732 2980 802 3025 meo
827 2959 991 3024 fauerunt.
1021 2958 1087 3041 pri·

67 3087 158 3130 mum
189 3068 225 3129 ut
252 3064 371 3129 itinera
399 3064 543 3129 Parisios
572 3068 604 3129 et
631 3065 666 3128 in
689 3064 820 3131 Italiam
848 3066 947 3130 toties
975 3065 1084 3129 facere

66 3192 215 3255 possem,
248 3171 396 3236 effectum
421 3175 470 3236 est
493 3172 611 3237 eximia
633 3171 830 3236 liberalitate
855 3172 991 3237 summi
1014 3170 1086 3235 Mi·
1203 3178 1208 3186 '

65 3277 242 3361 misterii,
277 3277 362 3363 quod
391 3278 493 3343 cultui
521 3278 703 3362 scholisque
731 3278 851 3343 nostris
875 3283 1021 3362 praeest,
1056 3282 1088 3342 et

67 3382 250 3449 instituti
282 3383 568 3471 Oarlsbergici‚
600 3385 727 3449 litteras
762 3385 995 3469 scientiamque
1027 3386 1090 3449 lar·

64 3492 154 3576 giter
173 3491 365 3557 adiuuantis.
395 3492 494 3557 etiam
512 3491 685 3577 praefectis
706 3491 978 3556 bibliothecarum
993 3491 1090 3557 Uin-

121 3604 271 3657 Euolldes,
287 3604 337 3647 edd.
351 3604 454 3679 Heiboffg
468 3608 490 3648 ot
506 3606 595 3656 Mense.
877 3594 931 3651 θ’*
