2514 4012
300 183 577 247 mamaeam
594 186 704 239 LIBER
723 187 769 239 IV.
985 183 1052 251 315

127 331 238 397 utatur
263 329 379 397 eireuli
404 333 607 396 ΑΒΓΔΕΖ
630 331 808 397 diametrus
831 335 916 416 ΑΔ,
943 334 977 396 et
998 353 1051 398 su·

147 455 174 516 0
303 439 412 503 matur
435 440 476 502 H
491 440 637 503 centrum
665 439 791 520 aireuli,
823 441 856 504 et
882 442 994 505 uenero
1018 444 1052 504 A

303 541 395 608 radio
431 547 540 608 autem
574 548 652 610 ΔΗ
679 545 818 611 cuculus
850 544 1053 611 describatur

303 651 453 734 ΕΗΓΘ,
480 654 514 716 et
536 651 653 718 duetm
671 655 754 735 ΕΗ,
776 654 849 717 ΓΗ
866 651 908 717 ad
930 656 1052 736 puncta

303 759 349 842 Β,
370 761 399 823 Ζ
422 756 624 844 educantuiy
638 763 672 824 et
694 758 855 825 ducantur
876 761 956 838 ΑΒ,
979 760 1052 841 ΒΓ,

304 866 376 949 ΓΔ,
399 869 481 949 ΔΕ,
504 871 580 952 ΕΖ,
604 871 678 933 ΖΑ.
720 867 806 949 dieo,
836 865 1051 953 sexangulum

302 973 504 1039 ΑΒΓΔΕΖ
532 975 766 1059 aequilaterum
794 979 828 1040 et
855 974 1051 1060 aequiangu-

127 1106 166 1165 Α
303 1077 372 1143 lum
395 1101 475 1146 esee.

127 1221 178 1266 am
216 1201 370 1285 quoniam
405 1209 565 1288 punctum
605 1209 644 1270 H
680 1209 828 1271 eentum
860 1209 910 1271 est
938 1202 1048 1270 circuli

127 1309 251 1391 'AEZ,
272 1308 334 1374 erit
355 1311 427 1374 ΗΕ
441 1340 483 1363 =
498 1315 580 1377 ΗΔ.
604 1334 716 1378 rursus
731 1312 885 1397 quoniam
897 1317 930 1376 A
949 1331 1050 1396 pune·

126 1417 274 1480 eandum
296 1420 347 1482 eet
369 1417 481 1482 cuculi
504 1421 614 1503 ΗΓΘ,
644 1418 707 1483 erit
730 1421 953 1484 AE=AH.
995 1415 1051 1482 sed

126 1524 293 1587 astratum
326 1526 389 1605 eet,
428 1543 497 1588 esse
530 1528 603 1589 HE
616 1555 659 1579 ι-
673 1528 754 1590 ΗΔ.
809 1526 920 1611 itaque
952 1524 1051 1590 etiam

125 1656 159 1682 -
175 1631 253 1693 ΕΔ.
282 1628 392 1714 itaqua
414 1629 599 1716 triangulus
614 1634 724 1695 ΕΗΔ
737 1630 972 1717 aequilaterum
991 1636 1050 1699 est.

125 1756 132 1799 ι
164 1734 264 1800 etiam
294 1737 362 1799 tras
392 1736 504 1821 anguli
536 1737 604 1802 eius
633 1741 756 1821 ΕΗΔ,
788 1740 910 1820 ΗΔΕ,
942 1741 1053 1803 ΔΕΗ

143 1862 179 1906 se
202 1833 354 1927 aequales
379 1845 464 1925 sunt,
487 1843 564 1927 quia
587 1845 622 1909 in
645 1843 816 1930 triangulis
840 1844 1050 1929 aequicruriia

124 1947 147 2012 li
174 1948 215 2013 ad
241 1948 347 2014 basim
377 1949 476 2034 positi
499 1950 585 2014 inter
608 1971 643 2014 se
666 1950 817 2034 aequales
842 1953 918 2015 sunt
942 1949 981 2032 [1,
1004 1950 1051 2032 5].

124 2075 165 2119 es
193 2055 300 2120 simul·
314 2055 426 2140 anguli
451 2057 605 2142 trianguli
629 2056 755 2123 duobus
777 2057 874 2122 rectis
898 2057 1049 2142 aequales

135 2159 175 2245 [1,
197 2161 266 2257 32].
311 2163 421 2248 itaque
445 2167 589 2239 [ΕΗΔ
616 2165 713 2229 tertia
740 2185 816 2249 pars
840 2166 890 2228 est
913 2162 1051 2229 duorum

123 2289 204 2333 rum.
251 2269 400 2334 similiter
433 2269 740 2354 demonstrabimus,
773 2271 872 2335 etiam
903 2272 1056 2346 [ΔΗΓ

123 2397 166 2441 ιω
189 2379 318 2460 partem
350 2375 486 2441 duorum
519 2382 682 2441 rectorum
715 2397 794 2441 esse.
838 2379 871 2440 et
894 2377 1047 2459 quoniam

144 2484 217 2547 ΓΗ
229 2482 265 2548 in
289 2485 352 2547 ΕΒ
380 2483 559 2548 constituta
587 2484 722 2567 angulos
751 2483 899 2567 deinceps
922 2483 1048 2567 positos

122 2589 150 2670 Γ,
183 2588 286 2652 ΓΗΒ
320 2587 445 2653 duobus
473 2589 569 2654 rectis
598 2589 748 2673 aequales
782 2588 882 2653 efficit
917 2587 959 2671 [1,
987 2585 1051 2674 13],

122 2714 132 2757 ι
159 2692 302 2776 reliquus
325 2696 462 2769 [ΓΗΒ
491 2696 588 2759 tertia
616 2697 763 2779 pareest
787 2693 924 2759 duorum
948 2698 1050 2760 recto-

157 2821 256 2884 quare
283 2800 395 2885 anguli
418 2804 539 2885 ΕΗΔ,
565 2803 683 2880 ΔΗΓ,
707 2803 809 2865 ΓΗΒ
833 2800 918 2866 inter
941 2821 975 2864 se
999 2822 1049 2865 ae·

121 2926 144 2969 es
169 2909 260 2989 sunt3
279 2928 378 2990 quare
402 2906 501 2970 etiam
526 2908 581 2991 qui
606 2907 645 2971 ad
669 2907 805 2972 uertices
830 2927 941 2972 eorum
963 2910 1049 2990 sunt,

436 3068 845 3076 ——--—-—·—-—-———-
860 3068 899 3075 -ι-
916 3066 1047 3075 -..ι-ιι-

126 3168 165 3207 m.
184 3167 248 3217 rea,
268 3151 318 3205 sed
337 3150 407 3206 εἰσιν
427 3154 522 3219 eras);
542 3146 612 3205 ἄλλά
633 3170 659 3222 p.
735 3158 775 3207 17.
796 3153 854 3205 [σαι
874 3149 945 3206 εἰσίν
964 3151 1018 3221 Bp.

119 3218 178 3293 ἄρα
197 3217 225 3289 ἡ,
245 3222 294 3276 sed
312 3218 330 3291 ἡ
349 3223 403 3277 del.
423 3242 459 3276 m.
477 3230 490 3276 1
511 3221 540 3276 F.
631 3227 672 3276 18.
692 3223 797 3292 τρίτον]
818 3225 862 3290 ἴση
882 3242 912 3290 φ.
1005 3227 1047 3276 19.

118 3293 140 3365 ’]
163 3296 190 3348 Γ
205 3293 234 3347 in
252 3310 306 3348 ras.
326 3312 353 3364 p.
426 3295 520 3361 τρίτου
539 3293 569 3347 Ρ.
643 3298 686 3346 20.
706 3295 869 3357 σταθεῖσαν,
890 3292 939 3346 sed
957 3311 974 3344 e
993 3291 1049 3347 del.

136 3370 180 3420 22.
200 3365 294 3431 τρίτου
314 3365 344 3420 Ρ.
419 3360 492 3419 ἐστίν
512 3364 569 3418 PF.
650 3368 693 3416 24.
715 3360 760 3433 as]
780 3379 833 3416 om.
853 3363 883 3418 Β.
957 3357 1048 3426 αὐτᾶς

117 3442 205 3497 seteis
223 3435 254 3489 B.
