2514 4012
354 157 639 247 'nanunmonuu
657 194 766 245 ΒΙΒΒΒ
783 195 829 247 vr.
1067 192 1129 257 177

465 339 561 403 lateri
594 339 669 420 ΑΓ,
694 339 763 400 ΑΓ
792 340 901 401 autem
933 338 1029 404 lateri
1062 343 1133 403 ΑΒ

241 481 246 490 ·
410 406 437 464 Δ
465 442 667 528 parallelum.
696 441 1129 527 dieo,BFetFEineadem

225 553 266 610 Α
423 576 434 592 ‘
465 554 554 615 reeta
577 569 656 613 esse.

532 677 608 719 nam
642 655 796 738 quoniam
825 661 890 722 AB
923 660 1030 722 reatae
1064 660 1133 722 AF

124 473 422 892 ΒΜ
465 761 623 846 parallela
647 762 706 843 est,
729 764 761 826 et
783 762 818 826 in
836 785 891 855 eas¹
910 763 1023 829 incidit
1040 767 1130 828 reeta

372 844 411 896 Ε
466 872 546 947 ΑΓ,
583 864 702 935 alterni
739 869 850 956 anguli
887 874 999 957 ΒΑΓ,
1032 872 1132 935 ΑΓΛ

117 978 266 1064 aequales
291 982 366 1042 sunt
391 977 513 1062 [1,29].
560 979 671 1046 eadem
695 977 733 1044 de
757 1001 854 1045 eausa
878 979 975 1043 etiam

161 1087 296 1160 [ΓΔΕ
308 1114 350 1138 =
364 1088 476 1149 ΑΓΔ.
523 1107 623 1170 quare
646 1087 745 1151 etiam
768 1087 908 1160 [ΒΑΓ
919 1113 961 1136 =
975 1086 1080 1147 ΓΑΕ.

117 1194 150 1255 et
183 1191 336 1275 quoniam
369 1190 432 1254 duo
464 1191 622 1276 trianguli
652 1197 728 1258 sunt
764 1195 871 1274 ΑΒΓ,
901 1192 1003 1254 ΑΓΕ
1032 1211 1133 1253 unum

120 1297 283 1382 angulum,
307 1296 362 1380 qui
386 1295 426 1360 ad
450 1303 482 1361 A
503 1298 630 1381 positus
654 1302 712 1383 est,
737 1297 943 1382 uniangu10‚
966 1295 1022 1380 qui
1042 1295 1082 1361 ad
1102 1301 1134 1360 Δ

117 1403 243 1487 positus
276 1405 338 1486 est,
377 1404 544 1487 aequalem
580 1404 738 1471 habentes
772 1409 804 1470 et
840 1406 942 1469 latera
980 1401 1132 1487 aequales

119 1510 258 1594 angulos
282 1509 589 1592 comprehendentia
614 1511 885 1596 proportionalia,

282 1619 506 1680 BAzAP=
522 1620 584 1682 ΓΔ
599 1641 606 1681 :
622 1621 703 1702 ΔΕ,
726 1619 788 1682 erit
810 1615 847 1686 Δ
869 1619 972 1680 ΑΒΓ

117 1721 285 1805 triangulo
310 1723 413 1786 ΔΓΕ
433 1723 670 1808 aequiangulus
696 1716 801 1807 [pr'op.
819 1720 890 1802 VH.
936 1742 1035 1805 quare

461 1834 482 1903 [
501 1832 605 1893 ΑΒΓ
616 1859 657 1881 =
674 1831 783 1892 ΔΓΕ.

119 1932 175 1997 sed
203 1932 458 1999 demonstratum
487 1940 548 2020 est,
580 1956 651 2000 esse
681 1935 779 1999 etiam
807 1936 948 2009 [ΑΓΛ
968 1962 1009 1985 =
1029 1935 1136 1997 ΒΑΓ.

120 2060 219 2121 quare
258 2040 320 2103 erit
356 2046 377 2114 [
405 2044 507 2105 ΑΓΕ
528 2071 570 2093 =
594 2044 698 2106 ABI'
721 2044 758 2123 --1-
788 2043 901 2105 ΒΑΓῘ
955 2039 1135 2104 eommunis

119 2144 289 2209 adiicietur
312 2148 458 2219 [ΑΓΒ.
505 2146 614 2230 itaque

232 2254 332 2315 ΑΓΕ
346 2254 386 2333 -Ι-
403 2256 500 2316 ΑΓΒ
516 2285 557 2306 =-
572 2255 676 2318 ΒΑΓ
688 2255 727 2335 -t-
744 2255 842 2318 ΑΓΒ
859 2254 899 2333 -Ι-
914 2255 1019 2316 ΓΒΑ.

119 2380 232 2423 uerum
255 2362 359 2422 ΒΑΓ
371 2361 411 2440 -t-
424 2363 529 2423 ΑΒΓ
541 2363 580 2442 -Ι-
598 2362 695 2425 ΑΓΒ
718 2359 843 2425 duobus
867 2359 963 2422 rectis
985 2360 1135 2443 aequales

120 2468 205 2528 sunt.
244 2485 342 2547 quare
362 2464 460 2528 etiam
481 2471 512 2528 A
518 2468 583 2530 ΓΕ
594 2464 639 2549 -Ι-
653 2467 753 2530 ΑΓΒ
768 2464 892 2530 duobus
907 2467 1003 2530 rectis
1019 2486 1135 2550 aequa·

119 2570 168 2634 les
199 2574 282 2635 sunt.
329 2572 437 2653 itaque
466 2570 506 2636 ad
534 2577 657 2637 rectam
685 2574 754 2635 ΑΓ
774 2575 806 2635 et
833 2575 991 2656 punctum
1016 2572 1083 2636 eius
1108 2574 1140 2635 Γ

120 2676 202 2739 duae
231 2680 338 2741 reatae
361 2680 431 2758 ΒΓ,
451 2680 514 2740 ΓΕ
535 2700 602 2742 ΒοΒ
630 2677 670 2742 ad
694 2677 828 2741 eandem
855 2681 983 2761 partem
1011 2677 1137 2759 positae

121 2781 256 2865 angulos
285 2783 434 2866 deinceps
467 2784 592 2866 positos
621 2784 733 2865 ΑΓΕ,
757 2784 854 2846 ΑΓΒ
871 2781 1009 2847 'duobus
1041 2783 1137 2846 restis

120 2887 271 2971 aequales
300 2887 458 2971 efficiunt3
486 2889 596 2973 itaque
623 2893 691 2952 ΒΓ
709 2893 742 2952 et
765 2891 829 2953 ΓΕ
849 2889 885 2953 in
907 2887 1019 2952 eadem
1047 2891 1138 2952 reeta

121 2998 198 3057 sunt
222 2994 349 3079 [1‚14].

187 3099 276 3185 Ergo
301 3102 329 3166 si
353 3102 415 3165 duo
439 3102 597 3185 trianguli
621 3102 683 3166 duo
708 3101 812 3164 latera
831 3099 956 3164 duobus
980 3099 1137 3164 lateribus

120 3382 157 3447 P;
182 3375 332 3447 ΒἈΤΒ,
358 3385 431 3434 ΓΑΒ
449 3381 537 3449 va.
610 3380 707 3451 ΑΓΒ]
731 3383 814 3433 ΑΒΓ
834 3381 863 3436 Ρ.
939 3379 1033 3450 ΓΒΑ]
1055 3394 1140 3448 supra

123 3452 332 3515 sor.F;AFB
351 3451 381 3506 P.
457 3458 497 3506 18.
518 3447 579 3506 ἀλλ’
601 3449 633 3506 ul
646 3456 741 3505 -192
762 3448 832 3505 εἰσίν
866 3467 919 3505 om.
938 3450 967 3505 P.
1041 3450 1139 3521 ΑΒΓ]

120 3525 201 3577 ΑΓΒ
221 3523 254 3577 V.
328 3522 423 3594 ΑΓΒ]
446 3527 523 3577 ΓΒΑ
543 3524 575 3578 V.
650 3528 692 3577 19.
712 3519 769 3577 εἰσί
785 3521 807 3575 Β
843 3540 869 3591 p.
943 3518 1140 3576 rosum.

174 3618 329 3674 Euolidos,
345 3622 395 3663 edd.
410 3622 512 3674 Helberg
527 3627 549 3664 et
562 3622 651 3671 Menae.
678 3621 711 3661 11.
927 3617 959 3664 12
