2514 4012
410 216 686 269 nnnnnuronuu
703 217 812 267 menn
829 202 877 270 1'x.
1086 213 1151 281 367

137 356 317 422 metiuntur
341 357 426 445 [VII,
445 361 517 444 20],
545 358 740 443 praecedens
769 359 1014 443 praecedentem
1045 364 1078 426 et
1107 384 1155 427 se·

137 482 238 546 quens
262 469 458 549 sequentem.
504 467 616 551 itaque
639 470 671 530 E
691 487 862 531 numerum
886 472 919 530 A
940 467 1087 552 metitur,
1116 472 1154 534 ut

135 569 330 652 praecedens
353 573 609 655 praecedentem.
655 594 769 638 uerum
792 572 893 637 etiam
915 594 982 637 non
1005 573 1154 661 metitur3

137 674 223 758 quod
245 675 315 740 fieri
336 700 403 742 non
427 683 544 762 potest.
576 680 685 764 itaque
702 684 740 763 E,
755 684 787 743 A
809 679 898 743 inter
916 700 950 743 se
969 679 1068 763 primi
1085 702 1154 746 non

136 783 220 845 sunt.
253 803 329 867 ergo
354 786 537 868 compositi.
569 785 770 868 compositos
791 790 900 849 cutem
919 807 1073 850 numerus
1092 786 1151 849 aii-

135 886 207 970 quis
235 888 369 954 metitur
397 889 475 971 [VII
498 890 559 955 def.
586 892 652 970 14].
697 894 730 956 et
760 891 915 975 quonium
945 892 1151 976 suppositum

134 995 200 1075 est,
226 997 258 1057 E
278 997 421 1078 primum
445 1018 528 1082 esse,
556 997 698 1080 primum
723 1000 831 1062 nutem
854 998 962 1062 nullus
985 998 1069 1062 clius
1092 1021 1151 1064 nu·

132 1117 243 1163 merus
268 1102 401 1166 metitur
422 1108 551 1187 praeter
573 1104 682 1188 ipsum
707 1102 784 1183 [VII
807 1103 868 1168 def.
894 1104 1019 1187 11],·Ε
1039 1126 1151 1170 nume·

132 1223 189 1268 roe
214 1211 255 1288 A,
280 1211 312 1271 E
332 1208 472 1273 metitur.
508 1230 605 1293 quare
624 1212 656 1272 Ε
676 1230 847 1272 numerum
866 1214 898 1273 A
920 1210 1064 1276 motitur.
1097 1234 1150 1276 ue-

132 1330 206 1374 rum
235 1311 334 1376 etiam
364 1318 397 1377 A
423 1335 592 1379 numerum
620 1311 792 1396 metitur.¹)
838 1335 917 1400 ergo
941 1319 973 1378 Ε
997 1338 1150 1383 numeros

133 1421 181 1499 A,
204 1421 238 1481 A
265 1418 407 1484 metitur.
453 1418 602 1484 similiter
629 1418 938 1501 demonstrabimus,
967 1422 1172 1507 quicunque·

130 1522 233 1604 primi
260 1525 388 1589 numeri
416 1547 585 1590 numerum
614 1529 647 1588 A
674 1526 862 1609 metiuntur,
892 1526 1021 1590 eosdem
1049 1529 1150 1594 etiam

132 1647 305 1693 numerum
320 1635 352 1694 A
370 1652 539 1696 mensuros
558 1651 643 1713 csse3
667 1631 753 1714 quod
771 1634 843 1695 eret
855 1631 1148 1702 demonstrandum.

595 1822 686 1889 XIII.

199 1942 236 2008 Si
258 1946 419 2028 quotlibet
440 1947 567 2011 numeri
590 1947 631 2011 cb
649 1947 776 2011 unitate
795 1947 945 2031 deinceps
964 1950 1147 2034 proportio-

126 2048 221 2114 nulcs
245 2055 331 2135 sunt,
353 2057 386 2117 et
408 2052 527 2116 unitati
549 2053 715 2135 proximus
738 2054 862 2138 primus
884 2059 943 2134 est,
967 2057 1146 2121 maximum

125 2155 237 2220 nullus
265 2157 418 2221 metietur
444 2178 598 2222 numerus
620 2161 748 2240 preeter
771 2179 839 2242 eos,
869 2158 924 2245 qui
959 2161 1045 2224 inter
1071 2182 1145 2244 pro-

125 2261 332 2344 portionales
354 2266 493 2326 exstant

197 2364 273 2431 Sint
296 2367 459 2450 quotlibet
481 2368 606 2431 numeri
629 2367 670 2432 cb
694 2369 819 2432 unitate
843 2367 993 2454 deinceps
1010 2392 1144 2455 propor-

125 2473 270 2538 tionales
294 2479 339 2555 A,
362 2476 405 2554 B,
428 2474 464 2556 Γ,
487 2478 536 2555 A,
564 2476 598 2536 et
624 2473 743 2537 unitati
769 2474 936 2556 proximus
959 2481 992 2539 A
1017 2477 1143 2559 primus

126 2578 179 2644 sit
227 2577 314 2661 dico,
342 2577 518 2656 maximum
542 2597 654 2640 eorum
676 2583 710 2639 A
733 2577 844 2641 nullos
868 2580 950 2643 elios
972 2601 1142 2646 mensures

124 2705 197 2749 esse
220 2687 353 2767 praeter
375 2687 416 2765 A,
439 2684 476 2763 B,
499 2682 535 2742 Γ.

192 2811 269 2854 nam
301 2788 329 2851 si
351 2786 423 2850 fieri
447 2789 572 2868 potest,
598 2785 753 2850 metiatur
776 2807 930 2850 numerus
954 2793 998 2872 E,
1027 2810 1090 2854 neu
1112 2795 1145 2855 Ε

196 3001 224 3068 1)
247 2997 370 3065 Propter
393 2989 577 3061 expositionis
599 3007 687 3061 genus
713 2995 755 3060 (p.
775 2997 841 3058 362,
857 2995 910 3115 222
930 2994 1017 3048 uerba
1039 2995 1087 3052 lin
1109 3002 1140 3052 82

117 3076 223 3196 'ditibz
243 3066 276 3122 δὲ
302 3065 351 3120 καὶ
368 3095 399 3103 -
417 3069 447 3116 9:
467 3067 567 3131 μετρεῖ
584 3064 853 3130 superuacaneum,
876 3079 892 3116 e
933 3062 1051 3120 fortune
1075 3068 1139 3122 sub.

123 3365 200 3426 ὅστε
227 3367 296 3423 add.
320 3365 373 3418 καί
392 3360 423 3414 in
445 3375 492 3412 ras
515 3357 546 3409 Β.
619 3362 643 3410 9,
663 3356 728 3428 καί]
753 3376 838 3429 supr}
854 3380 884 3429 φ.
954 3363 997 3437 Δ]
1016 3367 1089 3439 (alt.)
1107 3371 1137 3427 in

119 3459 180 3498 rus.
200 3439 237 3496 V.
314 3443 355 3490 11.
377 3435 520 3502 μετρεῖται
539 3425 600 3494 Vp.
673 3432 714 3482 16,
733 3423 830 3501 ἄλλον]
848 3447 902 3487 om.
920 3432 950 3490 P.
