2514 4012
321 194 598 246 nunummoaum
615 195 725 245 amaa
743 195 788 245 vr.
1006 191 1070 256 109

125 335 198 403 Sint
231 338 325 403 datae
356 340 466 403 reatae
497 341 577 420 BA,
592 339 662 402 ΑΓ
685 340 718 402 et
749 339 913 422 ponantur
944 337 1005 422 ita,
1035 340 1073 402 ut

54 444 236 530 quemlibet
250 445 406 529 angulum
421 443 705 529 comprehendant.
746 445 875 527 oportet
888 442 989 528 igitur
1006 464 1073 510 reo·

54 556 166 618 tarum
189 556 264 637 BA,
279 554 348 616 ΑΓ
365 551 495 617 tertiam
518 551 795 637 proportionalem
818 550 974 614 inuenire.

150 708 185 770 Α
579 658 800 741 producantur
817 656 905 721 enim
919 656 958 720 ad
972 678 1073 741 punen

535 767 571 829 ta
603 768 650 848 A,
673 767 719 848 Β,
755 766 789 829 et
829 766 972 846 ponatur
1010 766 1079 828 AF

538 874 675 954 ==BA,
712 873 746 935 et
775 870 910 935 ducatur
941 872 1013 954 ΒΓ,
1041 871 1074 934 et

99 993 135 1053 15
252 951 513 1078 ᾖῖ
536 999 595 1062 per
622 982 657 1041 Δ
689 977 719 1041 ei
750 977 908 1061 parallelo
939 974 1076 1041 dueatur

254 1093 456 1171 pl--⁴
538 1086 608 1147 ΔΕ
625 1083 664 1167 [1,
683 1084 751 1165 31].
784 1085 851 1148 iam
870 1083 1024 1169 quoniam
1042 1083 1077 1147 in

537 1189 704 1273 triangulo
741 1193 849 1255 ΑΔΕ
883 1191 940 1255 uni
981 1189 1077 1253 lateri

68 1325 94 1384 Δ
541 1300 610 1359 ΔΕ
630 1297 787 1380 parallelo.
810 1295 906 1362 ducta
931 1297 982 1361 est
1004 1296 1077 1376 ΒΓ,

541 1403 603 1466 erit
635 1406 808 1468 AB:BA
832 1433 874 1456 =
895 1403 1079 1467 ΛΓεΓΒ

544 1509 649 1593 [prop.
671 1508 728 1590 Π].
775 1509 830 1574 sed
852 1513 923 1573 BA
942 1537 984 1561 =
1005 1508 1079 1571 ΑΓ.

264 1580 296 1638 Π
544 1614 654 1700 itaque
673 1620 739 1681 AB
755 1638 762 1679 :
777 1617 847 1680 ΛΓ
856 1645 899 1669 =
914 1615 1079 1679 ΑΓεΓΒ.

132 1722 222 1807 Ergo
254 1720 338 1786 datia
369 1720 494 1787 duabus
522 1720 620 1786 rectis
649 1725 729 1803 AB,
748 1724 818 1787 ΛΓ
840 1723 940 1787 tertia
968 1740 1078 1785 earum

63 1828 320 1914 proportionalis
348 1828 482 1894 inuenta
510 1831 560 1892 est
582 1831 659 1912 ΓΕ,
686 1827 774 1912 quod
798 1827 969 1912 oportebat
999 1825 1079 1890 fieri.
1167 1822 1170 1827 ⁴

537 2023 608 2088 XII.

134 2147 231 2213 Datis
255 2147 359 2213 tribua
383 2147 479 2213 rectis
503 2149 598 2214 lineis
623 2151 771 2234 quartam
801 2145 1081 2233 proportionalem

62 2254 222 2322 inuenire.

136 2359 210 2426 Sint
224 2359 318 2425 datae
336 2363 445 2425 rectae
465 2366 506 2444 Α,
520 2365 558 2446 Β,
573 2365 609 2427 Γ.
651 2362 780 2446 oportet
797 2359 900 2446 igitur
919 2361 1081 2423 rectarum

67 2472 112 2552 A,
127 2471 165 2552 Β,
180 2470 212 2531 Γ
231 2469 382 2551 quartam
405 2468 684 2553 proportionalem
706 2467 860 2531 inuenire.

340 2610 375 2664 Ε
511 2578 676 2660 ponantur
695 2574 776 2638 duae
797 2575 905 2637 rectae
923 2574 1001 2656 ΔΕ,
1017 2574 1050 2632 Δ
1056 2573 1083 2632 Ζ

470 2683 531 2766 ita,
555 2685 592 2746 ut
617 2679 795 2765 quemlibet
816 2679 972 2764 angulum
999 2698 1083 2743 eom-

240 2795 253 2846 ι’
468 2787 672 2872 prehendant
715 2791 831 2871 ΕΔΖ,
875 2789 907 2851 et
943 2789 1085 2871 ponatur

471 2899 605 2960 AH=
627 2900 671 2979 A,
694 2898 825 2959 HE=
844 2896 888 2976 Β,
909 2892 1084 2955 Aer-P.

99 2860 255 3113 A
469 3007 502 3067 et
531 3002 628 3068 (lucta
656 3004 746 3066 reeta
773 3001 841 3062 ΗΘ
868 2997 898 3061 ei
928 2996 1086 3080 parallela

72 3119 105 3179 Δ
201 3181 204 3193 ,
239 3126 267 3184 Θ
357 3132 377 3183 a
470 3133 529 3196 per
551 3114 583 3174 E
605 3109 739 3173 dueatur
757 3107 820 3167 ΕΖ
840 3101 880 3188 [1,
899 3104 967 3186 31].

137 3218 204 3284 iam
238 3220 394 3303 quoniam
426 3219 462 3283 in
493 3213 658 3298 triangulo
687 3214 788 3274 ΔΕΖ
817 3211 874 3275 uni
900 3211 997 3276 lateri
1024 3214 1087 3275 EZ

65 3447 225 3518 τυχοῦσαν]
250 3464 305 3502 om.
329 3446 362 3501 P.
447 3446 513 3516 καί]
532 3461 586 3500 om.
605 3461 632 3513 p.
715 3440 767 3512 τῇ]
787 3459 820 3509 ep
840 3460 870 3508 φ.
953 3444 997 3493 25.
1016 3439 1084 3508 μίαν

64 3519 126 3574 τῶν
143 3518 272 3585 πλευρῶν
295 3517 394 3572 Theon
413 3515 546 3586 (BFVp).
