2514 4012
324 217 598 269 rorrrorrooorr
615 217 724 268 moro
741 217 802 268 vn.
1009 212 1074 277 235

59 383 159 447 quaro
182 361 280 425 otiam
299 366 332 427 A
354 363 566 425 numerumB
586 359 720 424 motitur
739 357 912 423 secundum
931 357 1074 423 unitates

59 467 187 532 numeri
208 471 246 532 E.
285 470 318 531 ot
341 466 494 552 quoniam
512 467 544 530 Γ
562 486 731 530 numerum
750 468 783 528 A
807 462 982 529 secundum
1005 464 1075 528 uni-

58 577 145 638 iatos
168 572 296 637 numeri
318 576 351 636 E
371 572 513 656 metitur,
537 571 637 636 otiam
655 574 687 634 E
702 591 872 635 numerum
891 575 923 634 A
940 569 1074 635 motitur

59 678 234 744 seeundum
262 679 404 744 unitates
432 678 557 742 numeri
585 679 617 742 Γ
642 679 746 762 [prop.
764 675 851 759 XV].
897 674 1007 741 eodem
1036 674 1074 740 do
1100 716 1104 724 ι

59 807 158 850 causo
173 788 206 848 E
227 786 326 850 eiiam
349 788 561 850 numerumB
585 784 717 849 motitur
738 781 913 848 secundum
931 781 1073 846 unitates

60 888 188 955 numeri
210 895 244 955 A
269 893 374 975 [prop.
392 888 480 971 XV].
512 890 621 975 itaquo
645 894 677 954 E
696 910 848 954 numeror
867 893 908 973 A,
931 893 960 953 Β
983 888 1074 952 moti·

58 1001 129 1081 iur,
158 989 217 1081 qui
240 997 337 1081 primi
365 999 442 1061 sunt
468 994 555 1060 inter
582 1017 629 1080 so,
660 995 746 1081 quod
773 993 843 1060 fiori
871 1016 937 1061 non
964 999 1073 1079 potest

61 1101 138 1182 [def.
156 1103 221 1184 121.
265 1104 374 1187 itaquo
401 1123 468 1167 non
497 1106 590 1167 erunt
617 1101 745 1167 numeri
773 1101 905 1186 quidam
929 1103 1072 1168 numeris

58 1214 100 1291 A,
118 1213 148 1273 Β
171 1209 321 1290 minores,
343 1208 399 1293 qui
421 1207 456 1271 in
476 1208 587 1273 eodem
606 1209 816 1292 proportione
835 1208 902 1273 sint
919 1229 956 1272 ao
974 1213 1016 1292 A,
1034 1212 1072 1275 Β.

59 1334 136 1398 ergo
160 1320 202 1399 A,
224 1319 253 1379 Β
277 1314 402 1380 minimi
427 1316 503 1379 sunt
527 1334 651 1397 eorum,
674 1314 730 1398 qui
754 1313 888 1378 eandem
911 1314 1071 1380 rationem

59 1418 195 1504 habent,
219 1420 304 1505 quod
328 1424 399 1485 erat
422 1419 715 1485 demonstrandum.

512 1629 617 1696 XXII.

124 1754 254 1820 Minimi
268 1753 393 1819 numeri
407 1775 527 1838 eorum,
547 1753 602 1838 qui
617 1753 752 1819 eandem
766 1754 926 1821 rationem
939 1755 1073 1842 habent,

57 1861 143 1926 inter
166 1880 199 1925 se
223 1860 320 1944 primi
343 1863 427 1925 sunt.

124 1966 253 2031 Minimi
271 1966 402 2031 numeri
411 1987 532 2050 eorum,
551 1965 606 2050 qui
620 1966 754 2031 eandem
767 1967 927 2032 rationem
941 1968 1071 2055 habent,

60 2073 127 2137 sint
149 2076 191 2156 A,
213 2076 253 2138 Β.
290 2071 371 2156 dico,
393 2079 434 2158 A,
452 2076 482 2136 Β
504 2092 656 2137 numeros
680 2072 766 2136 inter
789 2093 823 2136 so
846 2073 969 2156 primos
993 2096 1072 2141 osso.

445 2200 523 2243 nam
552 2178 579 2242 si
606 2178 704 2262 primi
726 2198 794 2243 non
817 2182 894 2243 sunt
915 2179 1002 2246 inter
1025 2203 1069 2265 se,

377 2305 528 2349 numerus
552 2283 670 2369 aliquis
694 2306 749 2350 eos
773 2285 935 2350 metietur.
974 2288 1067 2353 meti·

379 2393 452 2454 atur
480 2392 514 2454 ot
541 2391 584 2454 sit
611 2392 647 2455 Γ.
693 2393 726 2454 et
755 2389 881 2474 quoties
906 2392 938 2455 Γ
960 2414 1071 2458 nume·

379 2516 451 2559 rum
466 2500 498 2559 A
514 2494 656 2580 motitur,
674 2497 726 2559 tot
742 2496 883 2561 unitates
899 2496 964 2562 sint
978 2498 1014 2563 in
1028 2503 1071 2583 A,

58 2602 185 2687 quoties
222 2605 329 2667 autom
361 2603 393 2665 Γ
421 2622 591 2666 numerum
618 2605 647 2665 Β
675 2603 822 2687 metitur,
849 2606 900 2668 tot
927 2605 1070 2670 unitates

57 2711 122 2775 sint
144 2709 180 2773 in
202 2713 240 2774 E.

127 2814 280 2900 quoniam
308 2813 395 2878 enim
421 2815 453 2878 Γ
476 2833 644 2877 numerum
668 2818 700 2877 A
727 2813 903 2879 secundum
930 2814 1071 2882 unitates

58 2921 185 2986 numeri
207 2923 241 2983 Δ
263 2920 407 3001 motitur,
435 2922 467 2984 Γ
490 2940 643 2983 numerus
666 2940 835 2984 numerum
858 2923 892 2983 Δ
914 2920 1071 3005 multipli-

60 3048 137 3091 oans
170 3048 339 3090 numerum
367 3031 400 3089 A
428 3025 532 3089 offecit
560 3024 635 3105 [def.
657 3027 721 3106 15].
766 3026 878 3091 eadem
906 3026 944 3090 de
973 3047 1072 3091 causa

59 3265 183 3341 αὐτους]
202 3266 321 3337 τοὺςΑ,
342 3268 484 3324 BThoon
503 3270 638 3338 (vap).
730 3267 811 3341 ἔστω]
832 3285 886 3325 om
906 3289 936 3338 φ.
1027 3277 1071 3326 ΒΟ.

56 3312 1070 3428 B]in1as.mAP.22.3uriyrioP,lnrioovaAp

92 3411 479 3537 ΒᾶἯΔἨιιιειιἾφ.
573 3360 883 3482 A]PinrosV,.o
920 3411 1070 3468 Anterov

55 3482 162 3555 ranst!
195 3482 277 3538 ‘.nV
