2514 4012
355 201 630 253 ELEMENTORUM
648 203 757 253 LIBER
774 203 821 254 IX.
1031 199 1095 265 391

80 346 169 410 uenti
193 348 270 410 suni
291 345 390 429 primi
412 346 540 409 numeri
558 351 599 430 A,
622 348 659 429 Β,
679 347 714 428 Γ,
733 349 795 410 ΕΖ
818 346 928 429 plures
952 345 1096 411 numeris

80 457 126 536 A,
149 455 191 537 Β,
214 454 251 516 Γ.
296 473 409 516 aarum
437 473 478 516 ne
508 452 551 516 sit
574 456 637 517 ΒΖ
659 453 793 536 primus.
838 453 948 537 itaque
971 453 1095 537 primus

81 558 199 644 aliquis
222 579 376 623 numerus
401 580 475 623 eum
498 559 632 623 metitur
651 556 737 643 [VII,
752 560 819 640 31].
854 559 1009 624 metiatur
1031 559 1098 642 pri-

81 686 154 729 mus
177 686 331 729 numerus
355 667 400 730 H.
433 664 514 749 dico,
537 685 707 729 numerum
726 668 766 729 H
784 664 866 730 nulli
888 685 1098 730 numerorum

80 775 122 851 A,
137 773 175 854 Β,
189 772 222 834 Γ
236 771 403 856 aequalem
417 792 496 836 essa.
532 794 609 837 nam
628 772 656 836 si
673 771 744 836 fieri
761 775 881 858 potest,
901 771 952 837 aii.
985 793 1099 836 uerum

80 883 127 961 A,
150 881 192 962 Β,
216 880 248 942 Γ
272 899 443 943 numerum
471 881 541 942 ΔΕ
569 877 756 945 metiuntur.
803 879 913 964 itaque
942 877 1041 942 etiam
1063 881 1104 942 H

80 1006 252 1048 numerum
280 987 351 1049 ΔΕ
379 983 522 1050 metitur.
566 1006 680 1049 uerum
708 985 808 1049 etiam
835 1006 1007 1049 numerum
1034 988 1098 1048 EZ

81 1091 225 1156 metitur.
259 1111 359 1174 quare
379 1088 510 1178 etiam1)
529 1112 612 1176 quae
629 1091 832 1176 relinquitur,
855 1091 1016 1156 unitatem
1030 1094 1098 1155 ΔΖ

82 1197 235 1262 metietur
248 1200 292 1282 H,
311 1198 366 1281 qui
384 1219 537 1286 numerus
557 1201 619 1283 est3
642 1198 727 1282 quod
746 1197 922 1263 absurdum
937 1200 994 1262 est.
1018 1217 1097 1282 ergo

80 1306 120 1367 H
138 1303 221 1367 nulli
244 1325 414 1369 numerum
436 1309 483 1389 A,
506 1308 549 1389 Β,
572 1307 605 1369 Γ
624 1303 768 1389 aequalis
792 1307 850 1369 ast.
891 1308 925 1369 et
948 1303 1098 1389 supposi-

82 1412 153 1474 tum
181 1413 244 1494 est,
277 1412 317 1473 H
343 1411 487 1495 primum
515 1432 594 1475 essa
640 1429 719 1494 ergo
747 1410 872 1476 inuenti
899 1414 976 1476 aunt
1000 1409 1098 1496 primi

80 1516 208 1580 numeri
229 1522 271 1601 A,
293 1520 332 1599 B,
356 1519 392 1600 Γ,
414 1520 454 1581 Η
471 1517 580 1601 plures
604 1517 681 1582 data
704 1516 912 1583 multitudine
930 1521 973 1601 A,
995 1520 1034 1600 B,
1055 1518 1097 1601 Γ;

80 1621 167 1706 quod
190 1626 261 1687 arat
284 1622 578 1689 demonstrandum.

544 1816 631 1882 XXI.

150 1938 186 2005 Si
223 1940 383 2025 quotlibet
419 1941 546 2006 numeri
582 1962 677 2025 pares
713 1945 964 2027 componuntur,
1006 1944 1097 2007 totus

81 2070 141 2133 par
164 2048 234 2112 erit.

149 2153 396 2238 Componantur
428 2155 516 2219 enim
549 2152 712 2239 quotlibet
743 2155 872 2220 numeri
900 2176 995 2240 pares
1022 2156 1099 2238 AB,

82 2263 152 2346 ΒΓ,
177 2263 249 2344 ΓΔ,
272 2264 349 2325 ΔΕ.
386 2258 468 2347 dico,
491 2261 590 2326 etiam
612 2264 719 2327 totum
741 2267 812 2327 ΑΒ
833 2283 945 2346 param
968 2281 1048 2325 esse.

295 2420 317 2470 A
425 2421 448 2471 Β
538 2421 565 2472 Γ
670 2423 696 2472 Δ
840 2421 865 2472 Ε

296 2505 854 2545 ι--ι--ι--ι-η-ι

150 2637 228 2680 nam
256 2617 411 2701 quoniam
440 2615 563 2700 singuli
585 2617 710 2681 numeri
734 2621 813 2701 AB,
836 2619 907 2698 ΒΓ,
930 2619 1006 2702 ΓΔ,
1030 2621 1102 2681 ΔΕ

82 2743 179 2806 pares
215 2725 303 2807 suni,
339 2727 467 2807 partam
500 2721 668 2786 dimidiam
699 2722 822 2786 habent
855 2720 937 2803 [VII
965 2721 1027 2787 def.
1051 2721 1099 2802 6].

84 2849 184 2913 quare
212 2829 312 2895 eiiam
339 2832 429 2894 totus
453 2831 522 2893 ΑΕ
542 2831 669 2911 partem
693 2827 861 2893 dimidiam
883 2827 993 2892 habet.
1039 2850 1100 2913 par

82 2939 193 3000 auiam
220 2957 374 3002 numerus
402 2937 430 3001 is
458 2938 521 3019 est,
555 2935 611 3020 qui
637 2934 672 2999 in
700 2935 781 3000 duas
807 2938 918 3020 partes
947 2934 1098 3020 aequales

86 3041 241 3107 diuiditur
264 3042 341 3124 [id.].
387 3062 464 3127 ergo
488 3045 558 3106 ΑΒ
583 3064 645 3126 par
672 3045 736 3126 est3
764 3041 850 3127 quod
873 3044 944 3106 erat
966 3040 1100 3107 demon·
1186 3047 1190 3094 ἶ

84 3147 260 3214 strandum.

157 3343 183 3410 1)
202 3340 235 3395 U.
255 3341 292 3396 ad
311 3339 375 3407 Vll,
395 3344 438 3396 28.
