2514 4012
225 279 229 287 .
337 201 612 253 muuuuronnu
629 202 739 254 auran
756 203 803 257 ur.
833 222 835 226 ·
1016 201 1080 267 381

516 379 620 445 XVII.

131 499 166 566 si
191 502 352 586 quotlibet
382 505 509 569 numeri
532 505 684 589 deinceps
707 506 969 591 proportionales
995 514 1080 592 sunt,

63 611 96 672 et
128 609 264 674 extremi
295 632 414 676 eorum»
434 611 519 676 inter
540 634 581 676 se
608 612 706 696 primi
735 616 827 695 sunt,
859 634 925 677 nou
954 614 1016 678 erit
1046 619 1080 680 ut

66 715 191 801 primus
216 716 256 781 ad
280 718 465 803 seeundum,
487 720 533 783 ita
557 722 720 784 extremus
745 720 786 785 ad
811 720 910 784 alium
930 721 1079 804 aliquem.

637 823 710 890 Sint
751 827 912 911 quotlibet
954 828 1081 893 numeri

559 932 710 1017 deinceps
747 934 1007 1018 proportionales
1039 941 1080 1019 A,

497 1076 523 1127 Ε
559 1046 600 1120 Β,
620 1043 660 1126 Γ,
678 1045 726 1123 Δ,
754 1044 920 1105 eteorum
945 1042 1080 1108 extremi

520 1145 524 1182 ¹
556 1154 596 1232 A,
618 1153 652 1212 A
684 1151 770 1215 inter
802 1171 836 1214 se
872 1140 972 1233 primi
1005 1148 1079 1215 sint.

62 1252 146 1336 dieo,
170 1275 236 1318 non
260 1275 344 1339 esse,
367 1257 404 1318 ut
427 1260 459 1318 A
481 1255 522 1319 ad
546 1260 588 1339 Β,
612 1256 659 1320 ita
684 1262 716 1319 A
740 1255 781 1320 ad
805 1255 905 1319 alium
928 1254 1079 1339 aliquem.

128 1357 214 1425 Nam
243 1362 271 1425 si
302 1361 374 1426 fieri
403 1365 527 1447 potest,
562 1364 606 1427 sit
632 1365 914 1428 A:B=A:E.
967 1361 1077 1445 itaque

63 1467 277 1552 permutando
302 1474 334 1532 A
353 1472 412 1532 :A
432 1499 473 1521 =
492 1472 548 1532 B:
569 1473 601 1532 E
623 1468 801 1554 [V11‚13].
848 1488 959 1532 uerum
981 1471 1025 1550 A,
1045 1471 1079 1530 A
1126 1501 1130 1510 ·

62 1574 160 1657 primi
193 1578 281 1652 sunt,
318 1575 417 1658 primi
451 1578 559 1639 eutem
591 1576 689 1639 etiem
722 1573 850 1639 minimi
883 1571 979 1656 [Vll,
1005 1574 1077 1657 21],

66 1679 193 1743 minimi
217 1685 325 1744 autem
348 1681 474 1745 numeri
498 1702 566 1764 eos,
591 1680 646 1765 qui
670 1680 805 1745 eandem
830 1679 992 1745 rationem
1020 1681 1077 1744 ha·

61 1785 149 1869 bent,
173 1787 351 1870 aequaliter
369 1787 554 1851 metiuntur
573 1785 659 1883 [VII
679 1787 746 1871 20],
769 1785 963 1871 praecedens
986 1808 1077 1871 prae-

66 1893 232 1958 cedentem
256 1896 289 1956 et
313 1914 450 1977 sequens
475 1896 671 1977 sequentem.
718 1894 828 1977 itaque
851 1897 884 1956 A
906 1914 1077 1957 numerum

62 2002 91 2062 Β
119 1999 261 2063 metitur.
309 2003 358 2063 est
386 2001 494 2063 autem
523 2004 555 2062 A
574 2021 581 2062 :
601 2004 686 2063 B=
701 2004 729 2064 B
746 2022 753 2063 :
769 2003 805 2065 Γ.
851 2019 949 2083 quare
978 1999 1076 2064 etiam

61 2109 90 2169 Β
120 2127 290 2200 numerum
318 2107 351 2170 Γ
379 2105 514 2168 metitur
537 2103 615 2186 [VII
638 2105 699 2170 def.
723 2105 790 2187 20].
837 2105 948 2188 itaque
976 2106 1075 2170 etiam

65 2215 98 2275 A
116 2233 286 2276 numerum
307 2213 339 2274 Γ
353 2211 496 2276 metitur.
533 2216 565 2276 et
584 2211 737 2296 quoniam
757 2215 806 2276 est
825 2215 853 2275 Β
865 2214 1076 2306 εΓεῇΓεΔ,

66 2322 99 2383 et
121 2324 150 2384 B
172 2340 342 2383 numerum
366 2322 398 2384 Γ
417 2320 563 2403 metitur,
587 2320 686 2383 etiam
709 2323 741 2384 Γ
759 2340 930 2384 numerum
955 2324 988 2383 A
1011 2339 1075 2383 me-

61 2426 143 2491 titur
164 2425 241 2506 [VII
261 2426 322 2490 def.
337 2427 404 2508 20].
441 2448 553 2490 uerum
573 2432 605 2490 A
626 2448 796 2491 numerum
819 2429 852 2492 Γ
871 2427 1075 2493 metiebatur.

67 2553 167 2617 quare
195 2532 292 2596 etiam
321 2553 490 2596 numerum
519 2535 552 2594 A
579 2531 720 2598 metitur.
770 2554 883 2597 uerum
912 2533 1010 2598 etiam
1040 2554 1074 2598 se

12 2648 15 2653 '
63 2637 170 2724 ipsum
195 2638 336 2701 met'tur.
379 2637 488 2720 itaque
513 2642 544 2700 A
566 2659 717 2701 numeros
741 2644 781 2721 A,
802 2642 835 2701 A
858 2639 998 2721 metitur,
1021 2640 1075 2722 qui

62 2746 148 2810 inter
172 2767 205 2809 se
229 2743 325 2829 primi
350 2746 438 2826 sunt3
463 2742 549 2827 quod
571 2743 643 2806 fieri
665 2764 731 2808 non
754 2746 872 2827 potest.
909 2765 985 2829 ergo
1009 2765 1072 2808 non

62 2853 124 2917 erit
146 2855 184 2916 ut
206 2857 238 2915 A
261 2852 301 2917 ad
323 2855 367 2935 Β,
397 2851 444 2914 ita
468 2854 502 2914 A.
524 2848 563 2913 ad
587 2849 686 2914 alium
714 2850 868 2934 aliquem3
898 2850 981 2935 quod
1006 2852 1074 2913 erat

62 2958 358 3023 demonstrandum.
447 3030 451 3039 ,

505 3097 627 3165 XVIII.

130 3207 224 3271 Datis
243 3207 373 3271 duobus
397 3206 549 3283 numeris,
572 3227 651 3270 num
674 3206 743 3269 fieri
766 3205 880 3290 possit,
902 3208 940 3269 ut
957 3205 1072 3270 tertius

60 3336 171 3379 eorum
195 3313 450 3398 proportionalis
474 3312 673 3395 inueniatur,
696 3311 867 3395 inquirere.
