2514 4012
339 212 616 264 ELEMENTORUM
633 213 743 264 LIBER
761 214 792 265 V.
1042 210 1085 274 41

137 374 215 419 nam
238 356 392 439 quoniam
416 360 493 421 sunt
516 353 705 442 quaedam¹)
729 354 990 442 magnitudinum
1005 359 1044 438 Γ,
1057 360 1089 420 Ε

499 483 600 547 aeque
639 461 848 546 multiplices,
891 460 1087 547 magnitudi-

499 590 578 633 num
602 571 712 634 autem
737 573 823 651 A‚Z
848 568 930 634 aliae
954 568 1087 653 quaeuis

501 696 601 759 aeque
624 675 834 760 multiplices,
861 679 894 741 et
917 675 1087 760 multiplex

522 781 757 867 magnitudinis
790 785 822 847 Γ
852 782 1065 866 multiplicem

499 887 735 973 magnitudinis
766 892 800 951 A
828 890 973 972 superat,
1002 887 1084 952 mul-

70 512 246 566 Ει--ι

71 621 208 673 Ζι--ι

72 727 382 782 Θμ--ι--ι

69 838 412 888 Λι--ι--ι--ι

69 996 172 1081 tiplex
191 1000 301 1062 autem
319 992 552 1081 magnitudinis
572 998 603 1059 E
619 993 834 1078 multiplicem
852 994 1087 1079 magnitudinis
1200 1081 1203 1087 y

71 1105 99 1168 Z
113 1125 180 1168 non
194 1106 326 1187 superat
341 1102 416 1184 [def.
432 1103 477 1187 7],
496 1104 675 1188 sumantur,
693 1104 726 1166 et
743 1100 809 1166 sint
822 1099 1087 1186 magnitudinum

70 1210 110 1293 Γ,
120 1213 152 1274 Ε
165 1230 265 1294 aeque
279 1209 474 1294 multiplices
488 1211 533 1290 H,
548 1211 587 1291 Θ,
602 1207 863 1293 magnitudinum
877 1211 986 1273 autem
1001 1212 1045 1289 A,
1059 1208 1087 1271 Z

71 1315 154 1381 aliae
174 1317 307 1401 quaeuis
323 1336 424 1400 aeque
439 1314 633 1399 multiplices
647 1318 692 1396 K,
707 1319 748 1397 A,
763 1314 812 1378 ita
825 1318 863 1379 ut
875 1318 915 1379 H
924 1314 1087 1399 magnitu-

71 1420 178 1486 dinem
192 1425 228 1485 K
239 1426 378 1506 superet,
392 1425 422 1486 Θ
435 1423 544 1486 autem
558 1420 816 1506 magnitudinem
827 1424 859 1486 A
868 1442 935 1487 non
948 1423 1087 1506 superet.

71 1532 105 1594 et
137 1529 263 1612 quoties
296 1528 464 1612 multiplex
497 1530 547 1591 est
580 1530 617 1590 H
647 1525 884 1613 magnitudinis
912 1530 956 1611 Γ,
988 1527 1087 1593 toties

74 1634 244 1719 multiplex
268 1635 310 1699 sit
328 1636 374 1699 M
386 1632 621 1716 magnitudinis
640 1639 684 1715 A,
703 1632 829 1717 quoties
849 1636 957 1698 autem
976 1632 1088 1698 multi·

74 1741 151 1825 plex
181 1744 233 1806 est
259 1743 294 1804 K
323 1743 452 1825 magnit
428 1738 560 1804 'tudinis
592 1743 639 1823 A,
667 1739 765 1803 toties
791 1739 1011 1823 multiplex
986 1743 1091 1805 sitN

71 1850 198 1933 magnit
174 1846 306 1911 tudinis
334 1851 433 1910 B.e
417 1844 630 1930 qetuoniam
664 1848 715 1909 est
737 1850 790 1909 A:
805 1848 892 1910 B==
908 1849 958 1911 Γ·
973 1852 1021 1929 A,
1054 1852 1089 1912 et

70 1957 220 2038 sumptae
249 1955 326 2017 sunt
352 1954 480 2036 magnit
456 1948 616 2015 tudinum
639 1956 686 2033 A,
705 1953 738 2015 Γ
761 1973 862 2036 aeque
891 1893 1087 2037 multiplices

71 2062 122 2141 M,
136 2060 181 2141 H,
201 2061 331 2144 magmt
307 2055 467 2122 tudinum
487 2059 596 2120 autem
615 2060 654 2139 B,
671 2062 704 2120 A
722 2057 806 2122 aliae
832 2059 966 2142 quaeuis
986 2079 1087 2142 aeque

71 2163 267 2249 multiplices
300 2167 351 2246 Ν,
372 2166 419 2246 Κ,
453 2161 481 2227 si
509 2164 555 2226 M
581 2162 841 2249 magnitudinem
873 2166 913 2228 N
945 2168 1087 2249 superat,

72 2271 171 2335 etiam
200 2272 240 2333 H
264 2269 523 2354 magnitudinem
556 2271 591 2331 Κ
620 2272 768 2353 superat,
805 2274 838 2335 et
874 2270 903 2334 si
931 2273 1086 2357 aequalis,

75 2376 220 2460 aequalis
249 2378 312 2458 est,
343 2376 427 2439 etsi
458 2374 578 2458 minor,
606 2375 714 2440 minor
739 2375 815 2456 [def.
834 2377 879 2459 5].
916 2399 1029 2444 uerum
1052 2382 1092 2442 H

73 2481 331 2568 magnitudinem
360 2484 395 2544 K
417 2483 560 2565 superat,
593 2501 692 2565 quare
725 2482 825 2548 etiam
856 2486 901 2546 M
927 2485 1087 2570 magnitu-

72 2590 180 2654 dinem
211 2592 251 2652 N
281 2591 423 2672 superat.
465 2592 494 2653 Θ
526 2590 633 2652 autem
670 2588 929 2675 magnitudinem
956 2594 988 2656 A
1019 2612 1087 2655 non

73 2699 213 2779 superat.
259 2700 292 2761 et
321 2699 375 2778 M,
389 2699 418 2759 Θ
446 2693 708 2778 magnitudinum
732 2700 777 2779 A,
791 2699 824 2760 Ε
850 2716 951 2779 aeque
979 2696 1086 2761 multi-

71 2801 171 2886 plices
200 2804 287 2884 sunt,
317 2805 367 2882 N,
387 2805 418 2864 A
447 2804 556 2865 autem
592 2800 853 2885 magnitudinum
884 2805 972 2886 B,Z
1005 2803 1086 2868 aliae

75 2908 208 2992 quaeuis
234 2928 335 2991 aeque
358 2903 595 2991 multiplices.2)
642 2907 753 2992 itaque

448 3019 480 3078 A
495 3038 502 3078 :
516 3016 546 3078 Β
559 3023 593 3086 >
609 3016 660 3077 E:
676 3016 712 3079 Z.

141 3118 231 3206 Ergo
261 3121 288 3184 si
320 3121 426 3206 prima
459 3121 500 3186 ad
529 3119 705 3186 secundam
735 3125 768 3186 et
794 3121 893 3187 tertia
922 3122 962 3187 ad
992 3144 1086 3207 quar·

72 3232 141 3293 tam
166 3226 301 3292 eandem
333 3231 385 3292 rat
371 3227 496 3292 tionem
526 3226 640 3306 habet,
668 3227 767 3292 tertia
795 3231 851 3294 aut
852 3250 903 3294 em
927 3229 969 3294 ad
992 3251 1086 3314 quar·

145 3399 242 3472 nugs
276 3403 305 3455 et
335 3399 368 3455 δέ
396 3399 445 3455 lin
476 3407 530 3455 1-
537 3407 553 3456 2
581 3400 716 3458 inusitate
745 3402 857 3507 quidem
890 3403 984 3474 posita
1013 3407 1086 3475 sunt,

71 3490 162 3542 neque
180 3475 276 3528 tamen
294 3472 347 3539 ita,
367 3474 400 3526 ut
417 3472 485 3526 ferri
502 3475 653 3541 nequeant.

144 3542 245 3613 a.)cfr
263 3514 381 3598 lind-
386 3544 553 3598 Scumlin.
573 3550 649 3614 9sq.
