2514 4012
384 189 659 241 ELEMENTORUM
677 190 785 240 Lmuu
803 190 864 242 vn.
1067 184 1132 250 209

118 337 181 399 ΕΒ
214 333 330 416 reliqui
358 338 425 397 ΖΔ
453 334 581 398 easdem
612 337 722 419 partes
752 355 834 416 esse,
865 354 947 418 quae
975 332 1018 396 sit
1045 336 1134 398 lotus

116 445 182 506 AB
206 441 308 505 totius
334 442 403 505 ΓΔ.
805 482 808 487 ·

184 552 324 631 ponatur
347 548 433 613 enim
457 551 526 613 ΗΘ
541 579 583 601 =
598 554 630 612 A
635 552 673 613 Β.
720 549 831 632 itaque
855 567 937 631 quae
956 551 1066 629 partes
1085 550 1135 611 est

117 656 186 717 ΗΘ
208 655 335 720 numeri
361 656 437 736 ΓΛ,
466 655 596 720 eaedem
625 658 676 718 esi
705 654 803 718 etiam
826 656 896 718 ΑΕ
916 653 1043 717 numeri
1067 654 1135 718 ΓΖ.

118 758 282 825 diuidalur
313 764 380 825 ΗΘ
407 762 442 824 in
468 764 557 842 HK,
581 764 649 825 ΚΘ
680 764 789 845 parles
821 760 948 825 numeri
976 763 1046 843 ΓΛ,
1070 764 1139 825 ΑΕ

114 871 228 954 ¹aulem
251 868 286 931 in
310 871 391 950 ΑΛ,
411 871 480 931 ΛΕ
500 871 610 954 partes
632 868 760 932 numeri
785 870 853 933 ΓΖ.
899 869 1009 953 itaque
1028 868 1136 932 mulli·

434 988 446 1007 ·
549 975 628 1039 ludo
642 995 852 1039 numerorum
866 977 952 1055 HK,
966 977 1033 1038 ΚΘ
1055 973 1136 1037 mul-

120 1025 146 1129 Κ
234 1092 237 1107 ·
344 1028 471 1131 *Z——ff
548 1081 683 1146 titudini
718 1101 925 1146 numerorum
959 1084 1041 1162 ΑΛ,
1073 1084 1139 1145 ΛΕ

120 1168 381 1273 {UH-sl}
440 1257 442 1261 ,
550 1187 694 1272 aequalis
719 1191 779 1252 est.
821 1191 853 1252 el
878 1187 1032 1272 quoniam
1055 1208 1137 1272 quae
1188 1207 1191 1213 ⁴

119 1313 141 1361 A
196 1313 221 1362 Α
271 1311 296 1362 Ε
351 1311 372 1361 Β
570 1315 646 1376 pars
682 1299 732 1359 est
768 1296 845 1359 ΗΚ
871 1288 998 1358 num'eri
1031 1296 1115 1377 ΓΛ,

128 1379 360 1415 1-4*μῆ
549 1400 662 1464 eadem
688 1404 739 1465 esi
765 1404 833 1465 ΑΛ
855 1401 982 1465 numeri
1008 1402 1081 1484 ΓΖ,
1105 1405 1138 1464 el

120 1509 183 1571 ΓΔ
196 1519 231 1580 >
246 1509 317 1588 ΓΖ,
331 1507 393 1571 erit
407 1507 506 1571 elium
521 1509 636 1580 HK>
648 1513 680 1571 A
686 1510 725 1572 Λ.
762 1511 903 1590 ponatur
918 1510 957 1571 Η
958 1509 1002 1570 Μ
1008 1535 1050 1560 ===
1061 1510 1137 1572 ΑΛ.

119 1614 230 1698 itaque
263 1634 345 1697 quae
379 1634 455 1696 pars
471 1617 538 1699 ‚esi
570 1617 646 1678 ΗΚ
674 1615 804 1678 numeri
837 1616 911 1696 ΓΔ,
945 1612 1057 1677 eadem
1089 1616 1140 1677 eslz

120 1723 207 1786 ΗΜ
214 1720 341 1784 numeri
358 1722 427 1784 ΓΖ.
466 1741 565 1803 quare
580 1720 679 1783 eliam
693 1719 836 1804 reliquus
851 1722 930 1784 MK
941 1718 1058 1803 reliqui
1071 1723 1140 1794 ΖΛ

121 1825 233 1891 eadem
252 1847 330 1910 pars
351 1828 413 1908 esi,
434 1846 515 1908 quae
535 1828 624 1889 tolus
643 1827 718 1890 ΗΚ
734 1825 835 1890 lolius
854 1827 917 1889 ΓΔ
937 1826 1042 1911 [prop.
1052 1824 1140 1908 Vm.

121 1954 234 1997 rursus
259 1932 412 2016 quoniam
437 1953 518 2015 quae
541 1953 618 2015 pars
638 1936 688 1995 est
707 1934 773 1996 ΚΘ
791 1932 918 1996 numeri
937 1934 1009 2014 ΓΛ,
1028 1931 1140 1996 eadem
1217 2010 1220 2014 ι

121 2042 173 2104 est
192 2042 257 2103 ΕΛ
276 2038 403 2102 numeri
420 2039 489 2121 ΓΖ,
503 2042 537 2103 et
551 2040 614 2102 ΓΛ
623 2047 658 2112 >
669 2040 738 2121 ΓΖ,
753 2040 815 2104 erit
830 2038 930 2103 etium
944 2041 1013 2102 ΘΚ
1020 2048 1055 2111 >
1065 2041 1140 2102 ΕΛ.

121 2148 265 2229 ponatur
292 2146 369 2207 KN
380 2174 422 2196 =
438 2146 513 2209 ΕΛ.
563 2144 679 2228 itaque.
703 2166 786 2227 quae
814 2165 890 2228 pars
919 2149 969 2209 est
991 2148 1058 2209 ΚΘ
1083 2167 1140 2208 nu·

121 2251 203 2316 meri
227 2253 302 2332 ΓΛ,
331 2250 443 2313 eadem
471 2254 522 2314 est
544 2253 579 2314 K
583 2254 622 2315 N
641 2250 768 2315 numeri
797 2252 866 2315 ΓΖ.
916 2273 1014 2335 quare
1043 2252 1140 2316 etiam

121 2358 266 2441 reliquus
290 2359 358 2420 ΝΘ
381 2356 498 2440 reliqui
522 2360 589 2420 ΖΛ
613 2357 726 2421 eadem
749 2378 825 2441 pars
850 2362 912 2440 est,
941 2378 1023 2443 quae
1051 2361 1139 2422 tolus

122 2467 190 2529 ΚΘ
213 2464 315 2528 lolius
344 2465 407 2527 ΓΛ
437 2463 542 2546 [prop.
561 2460 650 2543 Vll].
696 2462 990 2528 demonstrauimus
1018 2468 1139 2545 autem,

123 2590 194 2646 esse
218 2569 318 2634 etiam
341 2569 503 2654 reliquum
523 2571 602 2632 MK
624 2569 740 2652 reliqui
760 2573 827 2633 ΖΔ
845 2568 979 2634 eandem
1002 2575 1141 2654 partem,

123 2697 207 2761 quae
220 2678 309 2739 tolus
325 2679 399 2740 HK
411 2677 513 2741 lolius
529 2675 573 2738 sil
587 2677 658 2739 ΓΛ.
696 2697 794 2759 quare
816 2676 917 2740 etiam
932 2679 1012 2741 MK
1021 2679 1061 2759 -l-
1073 2681 1141 2742 ΝΘ

123 2782 256 2847 eaedem
274 2785 384 2871 partee
405 2786 482 2845 sunt
499 2781 628 2846 numeri
648 2786 726 2863 ΛΖ,
746 2804 828 2865 quae
846 2785 935 2848 lotus
950 2788 1023 2849 ΘΗ
1037 2784 1140 2849 lolius

294 2943 380 2949 -—
385 2944 411 2948 —
614 2944 939 2952 -..—-—.-—-——.
946 2946 1141 2954 ——-—-—.—

164 3033 207 3081 22.
226 3022 282 3097 ὤν]
304 3043 357 3080 om.
378 3043 410 3094 p.
430 3023 465 3080 ὄν
483 3026 517 3080 V.
572 3027 648 3099 HK]
668 3029 776 3094 KHP.
831 3035 874 3084 23.
895 3029 960 3101 ΓΔ]
982 3033 1040 3084 ΔΓ
1054 3029 1141 3101 FVp.

124 3097 295 3222 MKq'erae.
315 3097 347 3152 V.
404 3098 480 3166 ΝΘ]
500 3114 569 3151 corr.
588 3113 623 3152 ex
643 3100 701 3153 ΗΘ
719 3117 756 3155 m.
776 3107 791 3154 2
810 3118 837 3169 p.
893 3107 936 3154 24.
957 3101 1026 3173 ΔΖ]
1040 3106 1091 3156 ΛΖ
1106 3102 1141 3170 Ἐς

125 3173 179 3223 ΖΔ
227 3187 254 3239 μ
330 3168 588 3239 ΘΗ]ΗΘΚΚμ

180 3624 329 3664 Euclides.
345 3624 396 3663 edd.
406 3625 506 3671 Heluam
521 3628 542 3663 el
558 3625 646 3673 Menge.
674 3625 708 3665 11.
950 3627 980 3671 14
