2514 4012
314 191 590 245 mimorum
607 191 717 242 LIBER
734 191 781 242 IV.
1004 184 1068 255 287

132 334 174 405 tit
186 336 282 415 datur
295 336 434 403 circulus
447 336 589 400 ΑΒΓΔ.
613 336 743 418 oportet
756 332 857 418 igitur
867 332 902 399 in
913 333 1068 399 circulum

132 445 192 508 ΓΔ
213 442 409 529 quadratum
430 441 637 527 inscribere..

132 549 285 629 ludantur
316 549 430 615 circuli
460 549 594 614 ΑΒΓΔ
626 547 709 613 duae
740 546 891 613 diametri
920 545 1005 613 iuter
1037 568 1071 610 se

132 656 338 735 tendiculares
364 657 439 740 ΑΓ
461 659 539 739 ΒΔ,
562 657 596 721 et
622 654 782 721 ducantur
809 655 884 735 ΑΒ,
906 653 978 736 ΒΓ,
999 654 1072 737 ΓΔ,

369 854 403 915 et
425 849 579 936 quoniam
608 852 675 915 ΒΕ
687 879 729 902 ==
743 851 813 913 ΒΔ
835 843 928 935 (nam
945 850 977 911 E
999 867 1072 912 cen-

175 932 216 991 Α
322 960 409 1023 trum
432 953 507 1044 eat),
530 958 563 1021 et
585 959 652 1019 EA
670 955 849 1022 communis
873 956 979 1019 estet
1002 974 1073 1037 per·

131 994 552 1384 &pendiculum
574 1062 637 1127 erit
658 1065 724 1127 AB
736 1091 778 1114 =
793 1065 864 1126 ΑΔ
887 1059 985 1144 [1,4].
1020 1082 1073 1125 ea·

194 1196 198 1203 ⁴
324 1169 398 1235 dem
421 1169 461 1235 de
479 1190 577 1235 causa
591 1170 656 1234 ΒΓ
666 1197 709 1220 =
723 1170 789 1233 AB
808 1169 842 1233 et
860 1168 922 1231 ΓΔ
936 1197 980 1221 ==
993 1172 1074 1233 ΑΔ.

323 1275 434 1361 itaque
461 1275 714 1361 quadrilaterum
741 1276 875 1339 ΑΒΓΔ
898 1273 1073 1357 aequilate-

167 1390 209 1447 Γ
323 1403 396 1445 rum
419 1385 477 1446 est
522 1382 609 1466 dico,
631 1381 718 1448 idem
746 1376 971 1467 rectangulum
994 1401 1073 1447 ease.

325 1509 403 1555 nam
447 1489 601 1573 quoniam
646 1491 736 1552 recta
782 1490 851 1552 ΒΔ
896 1486 1073 1553 diametrus
1146 1522 1150 1527 ·

142 1593 255 1659 circuli
284 1597 349 1659 AB
357 1595 432 1678 ΓΔ,
465 1595 685 1661 semicirculus
718 1597 769 1659 eat
799 1597 866 1659 ΒΑ
872 1599 914 1661 Δ.
964 1594 1075 1679 itaque

130 1705 202 1765 ΑΔ
223 1702 331 1765 rectus
360 1704 411 1765 eet
437 1700 508 1785 [ΙΠ,
531 1701 598 1783 31].
645 1701 758 1766 eadem
786 1700 825 1766 de
853 1722 952 1767 causa
975 1701 1074 1767 etiam

129 1805 184 1891 ,cli
206 1806 320 1893 anguli
342 1810 454 1891 ΑΒΓ,
488 1811 599 1892 ΒΓΔ,
622 1809 722 1872 ΓΔΑ
744 1807 824 1874 recti
848 1810 932 1873 sunt.
964 1807 1075 1892 itaque

129 1913 286 1999 angulum
315 1917 365 1979 est
393 1914 646 1998 quadrilaterum
676 1915 817 1979 ΑΒΓΔ.
864 1913 920 1979 sed
943 1913 1074 1978 demon·

129 2023 284 2104 tumeat,
312 2018 398 2085 idem
422 2021 657 2104 aequilaterum
680 2040 759 2085 ease
805 2018 916 2104 itaque
939 2018 1076 2104 quadra·

128 2181 131 2190 .
155 2129 205 2192 est
228 2125 258 2207 [I
281 2125 343 2191 def.
367 2127 435 2209 22].
491 2129 524 2191 et
545 2127 580 2190 in
603 2125 760 2191 circulum
784 2128 917 2191 ΑΒΓΔ
939 2125 1075 2210 inscrip-

128 2237 216 2298 rest.

127 2338 219 2427 Ergo
237 2339 273 2403 in
292 2339 404 2404 datum
423 2339 578 2405 circulum
598 2339 794 2424 quadratum
812 2339 1006 2424 inscriptum
1025 2342 1076 2405 est

126 2448 210 2530 1ΓΔ,
235 2445 321 2529 quod
344 2446 518 2530 oportebat
540 2446 620 2511 fieri.

544 2639 617 2708 VII.

131 2760 262 2829 Circum
286 2764 397 2829 datum
421 2765 576 2830 circulum
596 2763 788 2851 quadratum
805 2764 1076 2833 circumscribere.

129 2867 179 2935 Sit
207 2870 301 2935 datus
329 2871 467 2935 circulus
491 2879 522 2936 A
529 2873 634 2936 ΒΓΔ.
680 2874 810 2955 oportet
832 2872 933 2956 igitur
956 2871 1075 2936 circum

122 2980 200 3044 ΕΓΔ
222 2978 376 3043 circulum
400 2978 595 3061 quadratum
619 2979 889 3043 circumscribere.

129 3084 288 3149 ducantur
310 3085 421 3149 circuli
436 3087 569 3149 ΑΒΓΔ
583 3084 664 3149 duae
688 3084 837 3149 diametri
855 3085 988 3148 interae
1007 3104 1078 3167 per·

121 3189 285 3255 ‚diculares
308 3193 381 3273 AF,
405 3195 481 3260 ΒΔ.
505 3195 538 3255 et
560 3213 618 3275 per
641 3197 681 3273 A,
704 3195 743 3275 Β,
766 3192 802 3273 Γ,
825 3194 859 3253 Δ
882 3193 1001 3274 puncta
1020 3188 1076 3253 du·

915 3332 1075 3341 ——-

119 3401 166 3472 ru]
185 3405 293 3455 ΑΒΓΔ
312 3401 372 3471 Bp3
392 3399 518 3457 dolitura
537 3396 594 3472 ἄρα
614 3402 646 3458 V.
734 3401 802 3455 Post
820 3395 923 3454 κύκλον
942 3399 1007 3453 add.
1026 3403 1077 3454 τὸν

119 3476 170 3527 ΓΔ
188 3471 215 3526 V
233 3474 263 3526 et
281 3473 302 3527 F
321 3490 356 3527 m.
373 3479 396 3527 2.
487 3480 527 3527 19.
546 3474 676 3542 ποιῆσαι]
695 3473 725 3525 in
743 3488 796 3528 ras.
815 3489 843 3541 p.
917 3477 961 3526 24.
979 3465 1077 3539 τετρό-

118 3563 183 3614 υρον
201 3543 232 3598 Ρ.
288 3549 330 3599 26.
349 3540 402 3615 γὰρ
423 3545 472 3600 τοῦ
492 3544 548 3614 Bp.
604 3540 669 3614 δύο]
691 3560 745 3598 om.
764 3561 791 3612 p.
846 3549 889 3598 26.
909 3539 956 3612 ui]
976 3558 1030 3597 om.
1046 3540 1077 3595 P.
