2514 4012
184 187 250 252 224
559 190 760 244 Στοιεεῑοα
778 184 814 255 ς’.

184 330 294 410 ἰσάκις
324 331 391 419 ἄρα
423 329 439 400 ‹‘
469 341 502 399 A
535 332 692 418 ἑκάτερον
723 335 791 400 τῶν
819 337 862 418 Γ,
891 341 924 399 A
956 347 1086 422 μετρεῖ.
1140 344 1214 416 ι’σος
1242 305 1246 315 ¹

183 436 250 525 ἄρα
273 438 364 506 ἐστὶν
387 435 405 506 ὁ
428 444 461 507 Γ
479 443 525 531 τῷ
550 447 597 505 A·
621 438 701 524 ἔπερ
725 441 792 506 ἔθει
817 439 930 518 δεῖξαι.

664 632 716 714 ιζ’.

248 754 338 825 Ἐὰν
356 755 530 845 ἀριθμὸς
548 755 620 825 δύο
635 754 836 845 ἀριθμοὺς
849 760 1209 840 πολλαπλασιάσας

149 867 276 953 σποιῇ
313 891 439 951 τινας,
479 866 519 932 οἱ
551 864 765 950 γενόμενοι
798 867 835 946 ἐξ
868 862 1000 934 αὐτῶν
1031 864 1109 935 τὸν
1141 865 1206 936 αὐ-

181 968 252 1038 τὸν
276 971 411 1052 ἕξουσι
434 969 556 1057 λόγον
580 984 664 1051 τοῖς.
685 977 1146 1042 πολλαπλασιασθεῖσιν.

248 1074 407 1165 Ἀοιθμὸς
428 1075 493 1166 γὰρ
518 1074 537 1146 ὁ
556 1086 589 1145 A
607 1076 671 1144 δύο
690 1075 859 1165 ἀριθμοὺς
876 1077 956 1158 τοὺς
974 1084 1014 1164 Β,
1033 1084 1070 1146 Γ
1084 1088 1204 1149 πολλα-

183 1183 370 1264 πλασιάσας
398 1183 479 1264 τοὺς
511 1192 559 1271 Δ,
579 1191 611 1252 Ε
640 1190 788 1253 ποιείτω·
821 1185 923 1271 λέγω,
957 1181 1009 1252 ὅτι
1037 1186 1135 1254 ἐστὶν
1162 1184 1204 1266 ὥς

184 1287 202 1358 ὁ
226 1296 255 1357 Β
279 1289 364 1379 πρὸς
386 1289 447 1358 τὸν
470 1295 513 1376 Γ,
538 1291 645 1370 οὕτως
668 1289 686 1359 ὁ
711 1300 745 1359 A
767 1290 851 1379 πρὸς
872 1290 934 1359 τὸν
955 1298 995 1360 E.

131 1412 164 1462 10
247 1396 338 1466 Ἐπεὶ
365 1395 429 1486 γὰρ
458 1395 476 1466 ὁ
501 1407 534 1466 A
556 1399 617 1466 τὸν
640 1405 669 1466 Β
693 1397 986 1478 πολλαπλασιάσας
1007 1396 1071 1467 τὸν
1095 1408 1131 1468 Δ
1153 1423 1202 1468 πε·

182 1510 336 1591 ποίηαεν,
365 1501 382 1572 ὁ
410 1512 439 1573 Β
468 1502 535 1593 ἄρα
562 1502 624 1573 τὸν
651 1514 685 1573 A
712 1519 826 1592 μετρεῖ
851 1504 934 1573 κατὰ
957 1503 1017 1586 τὰς
1040 1509 1081 1575 ἐν
1102 1511 1151 1600 τῷ
1174 1515 1203 1574 Α

183 1609 343 1698 μονάδας.
388 1624 502 1698 μετρεῖ
528 1610 566 1678 δὲ
592 1610 649 1677 καὶ
676 1608 697 1697 ἡ
722 1619 750 1678 Ζ
776 1638 884 1698 μονας
905 1609 966 1680 τὸν
990 1620 1023 1679 A
1051 1609 1202 1701 ἀριθμὸν

182 1714 265 1785 κατὰ
292 1715 353 1797 τὰς
379 1719 416 1785 ἐν
444 1715 535 1810 αὐτῷ
564 1715 727 1803 μονάδας·
760 1717 870 1797 ἰσάκις
896 1716 963 1804 ἄρα
989 1716 1010 1805 ἡ
1041 1725 1070 1786 Ζ
1097 1718 1203 1806 μονὰς

182 1822 244 1893 τὸν
272 1833 305 1892 A
334 1821 485 1912 ἀριθμὸν
513 1835 626 1910 μετρεῖ
653 1822 711 1889 καὶ
738 1819 756 1891 ὁ
786 1830 814 1891 Β
842 1822 903 1892 τὸν
931 1833 973 1893 A.
1015 1829 1109 1893 ἔστιν
1139 1824 1202 1915 άρα

131 1955 164 2004 15
184 1929 230 2011 ὡς
261 1927 282 2018 ἡ
316 1939 344 1999 Ζ
376 1928 482 2018 μονὰς
514 1927 599 2017 πρὸς
629 1926 691 1998 τὸν
717 1938 750 1997 A
782 1928 947 2020 ἀριθμόν,
980 1930 1090 2013 οὕτως
1124 1931 1144 2003 ὁ
1176 1941 1201 2002 Β

183 2036 267 2127 πρὸς
299 2036 360 2106 τὸν
389 2046 431 2105 Δ.
482 2034 539 2105 διὰ
571 2035 613 2106 τὰ
640 2034 725 2106 αὐτὰ
759 2036 800 2125 δὴ
831 2039 888 2106 καὶ
918 2036 964 2119 ὡς
990 2037 1011 2126 ἡ
1041 2046 1070 2107 Ζ
1097 2039 1203 2127 μονάς

182 2144 266 2233 πρὸς
294 2143 355 2212 τὸν
383 2153 416 2212 A
442 2141 608 2231 ἀριθμόν,
638 2145 744 2224 οὕτως
772 2141 790 2212 ὃ
820 2150 853 2213 Γ
876 2145 960 2233 πρὸς
986 2145 1048 2215 τὸν
1077 2153 1122 2214 Ε·
1150 2145 1202 2214 καὶ

183 2248 228 2331 ὡς
256 2249 321 2338 ἄρα
350 2248 368 2318 ὁ
396 2257 425 2318 Β
453 2249 537 2337 πρὸς
563 2248 623 2318 τὸν
648 2258 695 2337 Δ,
729 2252 836 2332 οὕτως
865 2249 882 2319 ὁ
906 2258 939 2321 Γ
962 2251 1047 2339 πρὸς
1075 2251 1139 2321 τὸν
1166 2262 1202 2322 E.

183 2355 325 2438 ἐναλλὰξ
353 2355 420 2443 ἄρα
448 2357 538 2425 ἐστὶν
566 2355 612 2436 ὡς
634 2355 652 2424 ὁ
677 2366 705 2425 Β
728 2358 813 2443 πρὸς
836 2357 897 2425 τὸν
920 2364 963 2444 Γ,
992 2355 1101 2438 οὕτως
1126 2357 1146 2428 ὁ
1171 2369 1202 2429 A

129 2497 164 2547 20
183 2463 267 2552 πρὸς
289 2461 350 2532 τὸν
373 2471 415 2531 Ε·
439 2460 520 2545 ὅπερ
545 2465 612 2529 ἔδει
636 2465 749 2543 δεῖξαι.

663 2657 721 2744 ιη’.

247 2781 336 2850 Ἐὰν
361 2781 432 2850 δύο
461 2779 631 2869 άριθμολ
659 2779 835 2868 ἀριθμόν
862 2809 953 2849 τινα
980 2790 1202 2854 πολλαπλα-

183 2889 396 2969 σιάσαντες
423 2893 570 2957 ποιῶσί
595 2915 722 2973 τινας,
756 2891 796 2955 ολ
822 2887 1036 2975 γενόμενοι
1065 2891 1104 2971 ἐξ
1137 2890 1202 2960 αά-

182 3000 259 3063 τῶν
290 2996 361 3063 τὸν
393 2992 516 3062 αὐτὸν
549 2996 684 3076 ἕξουσι
716 2993 839 3081 λόγον
866 3008 950 3074 τοῖς
976 3002 1202 3066 πολλαπλα-

129 3100 384 3175 οεσιάσασιν.

255 3318 279 3367 1
299 3308 919 3399 5A]0m.p.zo3v]16vp.5.oebv
937 3308 1038 3386 αὐτόν]
1064 3317 1201 3404 supraV.

184 3387 554 3472 7πολλαπλασιασθεῖσιρ.
610 3391 634 3439 8.
628 3380 751 3466 .τοάς]“
743 3402 773 3436 m
786 3399 839 3437 ras.
854 3382 888 3438 V.
944 3389 986 3440 11.
1005 3385 1061 3458 τῷ]
1078 3382 1203 3461 αάτῷΡ,

183 3451 261 3508 αὐτῶ
281 3457 319 3528 τῷ
339 3429 1203 3542 111160.13.αὖτῇρ.15.ἡ]εαρεειη,1ρ.άριθ·

183 3510 308 3596 μάν]
271 3542 325 3581 om.
344 3527 375 3584 P.
449 3532 491 3583 17
510 3525 560 3580 καὶ
578 3521 724 3588 033-18:
744 3521 815 3592 πρὸς
833 3522 884 3579 τὸν
909 3526 950 3597 Ε]
975 3543 1027 3581 om.
1052 3526 1083 3581 P.
1161 3533 1202 3584 18.
