2514 4012
369 850 653 927 PRAEFATIO.

143 1117 184 1183 iis
213 1115 457 1184 Elementorum
490 1117 597 1203 libris,
630 1118 686 1205 qui
718 1119 781 1186 hoo
813 1119 1032 1188 eontinentur

138 1244 184 1308 ne,
211 1223 421 1289 emendandis
443 1244 503 1309 pro
525 1223 739 1293 fundamento
767 1226 868 1295 habui
891 1226 1020 1294 eodiees

137 1329 206 1413 ,66
229 1329 346 1416 quibus
370 1329 520 1396 uideatur
543 1331 666 1417 breuis,
696 1355 795 1420 qnam
819 1333 892 1400 dedi
914 1334 979 1401 uol.
1002 1333 1020 1399 1

137 1434 240 1515 ‚-IX,
263 1435 396 1520 notitia3
419 1438 562 1504 eodioem
584 1438 846 1506 Bodleiannt
869 1441 904 1506 in
927 1440 1028 1507 libris

136 1540 212 1628 lX¹)
247 1542 386 1609 eontulit
417 1543 459 1610 H.
492 1544 620 1633 Menga
668 1545 814 1614 Parisino
843 1548 930 1613 2466
959 1545 1019 1633 (p)

152 1649 236 1714 libro
255 1648 323 1714 VII
341 1649 390 1716 uti
408 1650 511 1735 potui,
533 1672 638 1736 nsque
657 1653 768 1739 magni
787 1658 838 1719 est
856 1655 1022 1720 momenti.

134 1778 171 1821 m
197 1756 341 1822 omnium
370 1757 612 1823 Theoninornm
642 1760 785 1844 optimus
809 1760 910 1825 codex
935 1759 1020 1826 Lau·

133 1885 175 1928 ‚ns
202 1861 327 1929 Finde
355 1885 375 1929 a
402 1863 482 1944 VII,
511 1866 551 1931 12
579 1888 612 1950 p.
640 1866 720 1949 216,
747 1866 791 1933 20
819 1865 861 1932 66
887 1867 948 1952 ΙΧ,
978 1868 1020 1934 16

132 2028 133 2037 ,
156 1970 177 2036 6
201 1971 350 2037 deliberet
370 2008 408 2021 -
429 1994 505 2038 nam
529 1993 601 2037 eam
619 1971 740 2038 eodiois
762 1977 899 2059 partem,
921 1996 1019 2059 qnam

142 2100 168 2162 φ
198 2076 394 2163 significaui,
422 2099 555 2162 prorsus
582 2078 733 2145 inutilem
762 2100 846 2165 esse,
875 2080 1020 2166 adparet,

130 2206 143 2248 a
179 2205 214 2249 re
252 2183 286 2249 in
322 2183 564 2269 prolegomenis
596 2184 773 2251 uoluminis
806 2184 854 2252 IV
887 2187 1018 2252 uberius

129 2327 172 2375 -,
196 2294 228 2354 et
251 2311 323 2355 oum
348 2290 416 2356 eod.
440 2288 656 2356 Bononiensis
679 2291 701 2359 b
725 2288 770 2379 (u.
789 2293 853 2358 uol.
871 2291 889 2357 1
907 2315 938 2377 p.
955 2291 1018 2380 IX)

128 2397 232 2462 antino
251 2397 286 2461 in
309 2396 370 2462 hae
393 2396 523 2482 quidem
547 2402 641 2482 parte
664 2419 731 2463 non
754 2399 852 2484 longe
871 2399 1019 2484 distaret,

145 2501 218 2585 VII,
240 2503 281 2567 13
304 2503 345 2566 66
368 2501 424 2586 ΙΧ,
446 2503 487 2567 15
510 2503 572 2568 boc
594 2524 680 2568 anno
704 2503 872 2569 Bononiae
896 2505 1019 2570 contuli

144 2609 217 2674 loco
236 2609 416 2692 scripturae
440 2608 691 2693 discrepantiam
711 2609 843 2675 notabo.
881 2610 921 2675 ad
945 2633 1019 2696 666

126 2736 158 2779 m
183 2715 375 2801 adparatum
399 2714 547 2779 criticum
569 2715 605 2778 in
623 2714 717 2780 libris
731 2712 904 2781 VIII-IX
918 2717 1019 2783 etiam

124 2822 231 2887 arisin.
251 2819 305 2886 Gr.
325 2821 413 2887 2344
437 2817 486 2906 (q)
507 2820 684 2886 membran.
704 2842 787 2886 6666
805 2818 869 2886 XII
887 2824 1020 2909 contuli,

148 2926 313 2993 Hauniam
343 2927 634 3012 transmitteretur,
661 2927 881 2993 intercedente
909 2951 1019 3013 prae·

129 3033 402 3100 bibliothecae
426 3034 556 3120 regiae
579 3033 820 3100 Hauniensis
839 3033 863 3125 'a
878 3035 1019 3117 liberali·

121 3139 327 3205 bliotheearii
340 3139 535 3206 Parisiensis
550 3140 737 3226 Leopoldi
753 3126 905 3207 Dslisls
923 3142 1019 3208 faoile

119 3334 149 3387 ln
171 3333 215 3388 his
239 3332 346 3388 duobus
374 3332 455 3388 libris
479 3333 515 3387 ab
541 3332 619 3400 VIII,
646 3338 678 3388 1⁷
700 3334 734 3389 de
754 3354 770 3387 ν
794 3333 905 3403 littera,
933 3351 1019 3403 quam

118 3400 205 3459 ιτικόν
232 3409 349 3470 uocant,
379 3405 426 3460 uel
455 3406 559 3461 omissa
586 3404 633 3459 uel
664 3405 762 3460 addita
788 3405 819 3460 in
844 3406 866 3459 B
891 3404 963 3461 nibil
989 3407 1020 3462 in

117 3491 148 3530 ne
168 3475 335 3531 adnotatum
355 3480 424 3531 erat.
