2514 4012
141 190 208 257 344
516 190 718 243 mommsen
735 185 781 246 δ’.

140 332 192 400 ὅτι
218 328 284 399 ὁΓ
301 329 362 399 τὸν
378 338 411 397 Δ
434 329 729 409 πολλαπλασιάσας
750 327 811 397 τὸν
826 339 859 397 A
882 337 1092 418 πεποίηκεν.
1121 332 1171 400 καλ

141 437 211 506 ἐπεὶ
231 433 249 504 6
273 441 306 503 Γ
325 436 447 505 ἑαυτὸν
470 437 766 515 πολλαπλασιάσας
784 433 846 504 τὸν
865 445 902 503 Δ
926 444 1130 525 πεποίηκεν,
1151 433 1166 504 6

140 549 173 612 Γ
200 542 268 631 άρα
299 541 361 611 τὸν
391 550 425 610 Δ
457 555 571 630 μετρεῖ
599 539 683 609 κατδι
716 540 775 622 τάς
806 542 844 609 ἐν
877 539 978 635 αύτῷ
1015 545 1166 631 μονάδας

140 648 226 719 άλλδι
258 649 327 737 μὴν
357 648 414 716 καὶ
446 645 467 735 ἡ
499 650 606 734 μονὰς
637 644 698 716 v&
725 653 758 715 Γ
785 662 902 736 μετρεῖ
927 648 1022 717 κατὰ
1052 649 1111 731 τάς
1136 653 1165 718 ἐν

106 754 232 825 σαύτιι
257 756 419 843 μονάδας·
453 760 544 823 ἐστιν
567 753 633 843 άρα
657 750 704 833 ὥς
726 752 747 841 ἡ
771 752 876 841 μονάς
900 755 992 842 πρὸς
1012 751 1162 843 τὸνΓ,δ

140 869 173 931 Γ
195 860 279 952 πρὸς
305 860 367 929 τὸν
391 869 432 929 Δ.
478 862 596 947 πάλιν,
625 857 743 929 ἐπεὶδ
771 866 804 928 Γ
827 858 887 928 τὸν
914 870 948 930 Δ
978 869 1162 932 πολλαπλα-

142 970 261 1049 σιάσας
282 965 343 1035 τὸν
361 976 394 1034 A
416 973 607 1054 πεποίηκεν,
631 964 699 1034 ὁΔ
722 965 788 1054 άρα
809 965 870 1035 τὸν
884 976 919 1034 Α
941 982 1069 1055 μετρεῖ
1087 964 1161 1036 κατὰ

140 1073 200 1154 τὰς
224 1075 329 1166 ἐντῷ
353 1078 386 1141 Γ
403 1072 563 1160 μονάδας.
600 1085 715 1161 μετρεῖ
736 1071 774 1139 δὲ
795 1072 851 1140 καὶ
874 1069 895 1159 ἡ
920 1076 1037 1160 μονὰς
1060 1072 1164 1141 τδνΓ

141 1179 225 1248 κατὰ
252 1177 311 1260 τὰς
338 1181 376 1247 ἐν
404 1175 494 1272 αύτῷ
522 1180 684 1266 μονάδας·
722 1183 813 1246 ἐστιν
841 1177 908 1267 άρα
936 1175 986 1258 ὥς
1016 1174 1162 1266 ἡμονδς

91 1300 124 1349 10
143 1283 226 1374 πρὸς
238 1284 300 1353 τὸν
315 1290 353 1370 Γ,
370 1282 388 1352 6
404 1292 437 1351 A
450 1282 534 1371 πρὸς
547 1283 608 1352 τὸν
619 1293 661 1352 A.
695 1280 768 1352 ἀλλ’
786 1280 865 1370 οδςὴ
880 1282 992 1370 μονάς
1006 1287 1096 1372 πρὸς
1108 1281 1162 1352 τδν

142 1400 185 1478 Γ,
214 1390 232 1460 6
256 1396 289 1458 Γ
306 1388 392 1478 πρὸς
413 1389 475 1458 τὸν
499 1398 546 1458 Δ·
582 1390 637 1457 καὶ
663 1417 707 1469 τις
730 1388 796 1478 ἄρα
819 1387 841 1476 ἡ
863 1386 970 1476 μονάς
997 1389 1086 1478 πρὸς
1107 1388 1161 1458 τὸν

141 1504 179 1584 Γ,
205 1495 311 1576 οὕτως
330 1493 348 1564 6
368 1503 400 1564 Γ
419 1495 503 1583 πρὸς
525 1495 586 1565 τὸν
604 1504 638 1564 Δ
659 1495 716 1563 καὶ
740 1492 758 1564 6
779 1503 813 1562 A
834 1493 918 1584 πρὸς
941 1493 1006 1564 τὸν
1021 1506 1063 1564 A.
1105 1497 1161 1581 τῆς

142 1603 208 1689 άρα
232 1603 379 1689 μονάδος
401 1603 457 1670 καὶ
480 1606 541 1670 τού
556 1612 588 1670 A
611 1600 763 1690 άριθμοῦ
787 1600 849 1670 δύο
874 1603 969 1689 μέσοι
992 1600 1163 1688 ἀνάλογον

142 1706 224 1777 κατὰ
249 1708 286 1778 τὸ
312 1710 449 1797 συνεχὲς
472 1707 723 1796 ἐμπεπτώκασιν
747 1707 888 1796 ἀριθμοὶ
912 1711 949 1775 ολ
965 1714 1007 1794 Γ,
1029 1716 1072 1777 Δ.
1107 1706 1162 1775 πά-

91 1829 123 1879 ιο
143 1822 214 1902 λιν,
238 1815 307 1884 ἐπεὶ
332 1815 350 1885 6
375 1825 408 1883 A
431 1813 552 1884 ἑαυτὸν
575 1812 867 1893 πολλαπλασιάσας
889 1811 950 1882 τὸν
973 1820 1006 1880 Β
1030 1817 1164 1899 πεποίη-

143 1949 213 2009 κεν,
237 1920 256 1990 δ
279 1933 312 1991 A
334 1921 403 2011 άρα
424 1922 485 1990 τὸν
508 1929 537 1990 Β
560 1934 675 2008 μετρεῖ
694 1919 777 1988 κατά
800 1919 860 1999 τδις
883 1922 920 1988 ἐν
945 1915 1040 2012 αύτῷ
1063 1917 1165 2007 μονά-

144 2033 213 2110 δας.
246 2042 359 2116 μετρεῖ
380 2029 418 2096 δέ
440 2029 497 2095 καὶ
519 2025 540 2114 ἡ
566 2025 673 2114 μονάς
696 2026 757 2095 τὸν
775 2035 808 2093 A
828 2023 911 2094 κατὰ
935 2023 998 2104 τὰς
1017 2028 1055 2094 ἐν
1074 2023 1163 2117 αύτῷ

144 2133 307 2220 μονάδας·
341 2139 431 2202 ἐστιν
461 2133 527 2222 άρα
555 2130 600 2213 ιδς
626 2130 647 2219 ἡ
676 2131 784 2220 μονάς
810 2129 894 2220 πρὸς
919 2129 981 2199 τὸν
1011 2141 1060 2217 Α,
1094 2128 1165 2199 6A

146 2240 230 2329 πρὸς
256 2239 318 2308 τὸν
341 2248 378 2307 Β.
425 2245 485 2326 τῆς
513 2240 551 2306 δὲ
581 2239 729 2325 μονάδος
755 2239 811 2306 καὶ
837 2241 950 2306 τοῦΑ
980 2239 1046 2304 δύο
1070 2239 1164 2323 μέσοι

92 2360 127 2409 20
147 2343 318 2429 άνάλογον
343 2346 596 2430 ἐμπεπτώκασιν
620 2342 774 2432 ἀριθμοί·
804 2344 950 2411 καὶτῶν
975 2352 1025 2427 Α,
1050 2350 1078 2408 Β
1104 2342 1166 2425 άρα

146 2450 209 2517 δύο
233 2452 328 2536 μέσοι
348 2448 518 2536 άνάλογον
537 2454 760 2537 ἐμπεσοῦνται
779 2448 927 2537 ἀριθμοί.
962 2445 1024 2514 ἐὰν
1045 2447 1083 2515 δὲ
1104 2448 1164 2514 δύο

146 2556 304 2644 άριδμῶν
330 2557 393 2625 δύο
418 2558 514 2644 μέσοι
538 2555 705 2642 άνάλογον
730 2560 945 2642 ἐμπίπτωσιν,
972 2554 990 2620 6
1016 2554 1055 2621 δὲ
1077 2558 1166 2642 πρῶ-

145 2691 201 2743 τος
228 2666 332 2750 κύβος
354 2656 393 2752 ᾖ,
423 2665 478 2731 καὶ
504 2661 521 2731 6
546 2665 702 2749 δεύτερος
725 2665 829 2748 κύβος
852 2665 950 2728 ἐσται.
994 2665 1055 2727 καί
1076 2661 1165 2726 ἐστιν

147 2767 164 2836 6
194 2779 225 2836 A
257 2771 373 2855 κύβος·
419 2770 475 2835 καὶ
509 2766 527 2836 6
561 2776 584 2835 B
614 2768 679 2856 άρα
709 2768 812 2854 κύβος
844 2768 947 2833 ἐστίν·
981 2763 1065 2854 ὅπερ
1100 2770 1166 2832 ἔδει

95 2897 129 2946 25
150 2877 263 2956 δεῖξαι.

633 2999 676 3065 δ’.

212 3118 299 3189 Ἐὰν
333 3123 453 3206 κύβος
490 3117 665 3207 ἀριθμὸς
701 3119 826 3203 κύβον
864 3113 1040 3203 ἀριθμὸν
1078 3123 1167 3183 πολ-

220 3325 243 3372 1.
263 3318 401 3385 πεποίηκε
421 3316 482 3383 Vm.
557 3321 582 3368 2.
601 3315 739 3381 πεποίηκε
759 3313 821 3380 Vq).
895 3307 970 3380 ὁΓ]
998 3312 1101 3379 postea
1124 3311 1166 3365 in·

148 3391 212 3442 sert.
232 3390 262 3442 B.
319 3393 343 3442 5.
363 3383 426 3458 τόν]
447 3403 500 3442 om.
520 3385 551 3440 B.
589 3380 679 3447 ούτως
698 3381 713 3437 6
732 3383 763 3438 B.
820 3390 844 3437 6.
863 3377 922 3450 τόν]
942 3381 1043 3451 (prius)
1064 3399 1117 3436 om.
1136 3381 1167 3436 B.

149 3465 171 3514 7.
193 3459 234 3529 A]
255 3476 311 3527 seq.
330 3475 383 3512 ras.
406 3464 419 3510 l
439 3458 495 3510 litt.
515 3476 546 3524 φ.
604 3462 644 3510 13.
664 3455 713 3509 καὶ
732 3454 800 3538 τοῦ]
818 3453 862 3507 bis
877 3474 907 3521 φ,
928 3452 977 3506 sed
997 3468 1068 3506 corr.
1125 3458 1167 3507 18.

149 3524 237 3591 ούτιος
258 3525 273 3582 6
291 3530 322 3582 B.
380 3523 498 3598 19.τόν]
519 3544 573 3580 om.
593 3527 624 3580 B.
680 3532 723 3580 20.
743 3519 891 3593 άναλοογον
911 3543 941 3591 φ.
979 3518 1101 3594 ἀριθμοὶ
1122 3521 1169 3593 ἐμ-
