<?xml version="1.0" encoding="UTF-8"?>
<!DOCTYPE html PUBLIC "-//W3C//DTD XHTML 1.0 Transitional//EN"
    "http://www.w3.org/TR/xhtml1/DTD/xhtml1-transitional.dtd">
<html xmlns="http://www.w3.org/1999/xhtml" xml:lang="en" lang="en">
 <head>
  <title>
</title>
<meta http-equiv="Content-Type" content="text/html;charset=utf-8" />
  <meta name='ocr-system' content='tesseract 3.04.00' />
  <meta name='ocr-capabilities' content='ocr_page ocr_carea ocr_par ocr_line ocrx_word'/>
</head>
<body>
  <div class='ocr_page' id='page_1' title='image "./euclidisoperaom03unkngoog_0713.png"; bbox 0 0 2514 4012; ppageno 0'>
   <div class='ocr_carea' id='block_1_1' title="bbox 190 202 825 277">
    <p class='ocr_par' dir='ltr' id='par_1_1' title="bbox 190 202 825 277">
     <span class='ocr_line' id='line_1_1' title="bbox 190 202 825 277; baseline 0.003 -17"><span class='ocrx_word' id='word_1_1' title='bbox 190 211 257 277; x_wconf 79' lang='lat'><strong><em>334</em></strong></span> <span class='ocrx_word' id='word_1_2' title='bbox 565 207 766 262; x_wconf 80' lang='grc' dir='ltr'>ΣΤΟΙΧΕΙΩΝ</span> <span class='ocrx_word' id='word_1_3' title='bbox 785 202 825 274; x_wconf 78' lang='grc' dir='ltr'><strong><em>η’.</em></strong></span> 
     </span>
    </p>
   </div>
   <div class='ocr_carea' id='block_1_2' title="bbox 129 394 1213 1532">
    <p class='ocr_par' dir='ltr' id='par_1_2' title="bbox 129 394 1213 1532">
     <span class='ocr_line' id='line_1_2' title="bbox 665 394 729 454; baseline 0.016 -19"><span class='ocrx_word' id='word_1_4' title='bbox 665 394 729 454; x_wconf 81' lang='grc' dir='ltr'><strong><em>κγ.</em></strong></span> 
     </span>
     <span class='ocr_line' id='line_1_3' title="bbox 255 486 1213 584; baseline -0.001 -22"><span class='ocrx_word' id='word_1_5' title='bbox 255 491 343 563; x_wconf 80' lang='grc' dir='ltr'><strong><em>Ἐὰν</em></strong></span> <span class='ocrx_word' id='word_1_6' title='bbox 366 495 553 584; x_wconf 81' lang='grc' dir='ltr'><strong><em>τέσσαρες</em></strong></span> <span class='ocrx_word' id='word_1_7' title='bbox 572 493 741 583; x_wconf 79' lang='grc' dir='ltr'><strong><em>ἀριθμοὶ</em></strong></span> <span class='ocrx_word' id='word_1_8' title='bbox 760 493 848 580; x_wconf 78' lang='grc' dir='ltr'><strong><em>ἑξῆς</em></strong></span> <span class='ocrx_word' id='word_1_9' title='bbox 868 489 1098 582; x_wconf 75' lang='grc' dir='ltr'><strong><em>ἀνάλογον</em></strong></span> <span class='ocrx_word' id='word_1_10' title='bbox 1118 486 1213 580; x_wconf 84' lang='grc' dir='ltr'><strong><em>ύσιν,</em></strong></span> 
     </span>
     <span class='ocr_line' id='line_1_4' title="bbox 191 592 1213 689; baseline 0.001 -21"><span class='ocrx_word' id='word_1_11' title='bbox 191 598 209 669; x_wconf 92' lang='lat'><em>6</em></span> <span class='ocrx_word' id='word_1_12' title='bbox 247 600 289 668; x_wconf 72' lang='grc' dir='ltr'><strong><em>δὲ</em></strong></span> <span class='ocrx_word' id='word_1_13' title='bbox 320 605 473 689; x_wconf 78' lang='grc' dir='ltr'><strong><em>πρῶτος</em></strong></span> <span class='ocrx_word' id='word_1_14' title='bbox 504 600 625 689; x_wconf 82' lang='grc' dir='ltr'><strong><em>κύβος</em></strong></span> <span class='ocrx_word' id='word_1_15' title='bbox 656 592 693 689; x_wconf 79' lang='grc' dir='ltr'><strong><em>ᾖ,</em></strong></span> <span class='ocrx_word' id='word_1_16' title='bbox 725 600 790 668; x_wconf 82' lang='grc' dir='ltr'><strong><em>καὶ</em></strong></span> <span class='ocrx_word' id='word_1_17' title='bbox 823 599 840 668; x_wconf 92' lang='lat'><em>6</em></span> <span class='ocrx_word' id='word_1_18' title='bbox 876 601 1083 688; x_wconf 79' lang='grc' dir='ltr'><strong><em>τέταρτος</em></strong></span> <span class='ocrx_word' id='word_1_19' title='bbox 1111 601 1213 688; x_wconf 90' lang='grc' dir='ltr'><strong><em>κύβος</em></strong></span> 
     </span>
     <span class='ocr_line' id='line_1_5' title="bbox 191 713 309 775; baseline -0.008 0"><span class='ocrx_word' id='word_1_20' title='bbox 191 713 309 775; x_wconf 77' lang='grc' dir='ltr'><strong><em>ἔσται</em></strong></span> 
     </span>
     <span class='ocr_line' id='line_1_6' title="bbox 155 810 1207 902; baseline -0.002 -20"><span class='ocrx_word' id='word_1_21' title='bbox 155 833 171 882; x_wconf 79' lang='grc' dir='ltr'><strong><em>ο</em></strong></span> <span class='ocrx_word' id='word_1_22' title='bbox 248 811 423 881; x_wconf 82' lang='grc' dir='ltr'><strong><em>Ἔστωσαν</em></strong></span> <span class='ocrx_word' id='word_1_23' title='bbox 452 814 609 900; x_wconf 82' lang='grc' dir='ltr'><strong><em>τέσσαρες</em></strong></span> <span class='ocrx_word' id='word_1_24' title='bbox 636 810 779 901; x_wconf 79' lang='grc' dir='ltr'><strong><em>ἀριθμοὶ</em></strong></span> <span class='ocrx_word' id='word_1_25' title='bbox 806 811 882 898; x_wconf 78' lang='grc' dir='ltr'><strong><em>ἑξῆς</em></strong></span> <span class='ocrx_word' id='word_1_26' title='bbox 905 810 1098 902; x_wconf 78' lang='grc' dir='ltr'><strong><em>ἀνάλογον</em></strong></span> <span class='ocrx_word' id='word_1_27' title='bbox 1122 818 1158 884; x_wconf 81' lang='grc' dir='ltr'><strong><em>οἱ</em></strong></span> <span class='ocrx_word' id='word_1_28' title='bbox 1176 821 1207 899; x_wconf 86' lang='lat' dir='ltr'><em>A,</em></span> 
     </span>
     <span class='ocr_line' id='line_1_7' title="bbox 192 916 1208 1007; baseline -0.001 -20"><span class='ocrx_word' id='word_1_29' title='bbox 192 927 234 1005; x_wconf 90' lang='grc' dir='ltr'><strong><em>Β,</em></strong></span> <span class='ocrx_word' id='word_1_30' title='bbox 253 926 296 1004; x_wconf 95' lang='grc' dir='ltr'><strong><em>Γ,</em></strong></span> <span class='ocrx_word' id='word_1_31' title='bbox 316 926 364 1004; x_wconf 95' lang='lat' dir='ltr'><em>A,</em></span> <span class='ocrx_word' id='word_1_32' title='bbox 397 917 416 987; x_wconf 87' lang='lat'><em>6</em></span> <span class='ocrx_word' id='word_1_33' title='bbox 447 919 485 986; x_wconf 75' lang='grc' dir='ltr'><strong><em>δὲ</em></strong></span> <span class='ocrx_word' id='word_1_34' title='bbox 512 927 544 986; x_wconf 90' lang='lat' dir='ltr'><em>A</em></span> <span class='ocrx_word' id='word_1_35' title='bbox 570 916 674 1007; x_wconf 80' lang='grc' dir='ltr'><strong><em>κύβος</em></strong></span> <span class='ocrx_word' id='word_1_36' title='bbox 702 921 798 986; x_wconf 84' lang='grc' dir='ltr'><strong><em>ἔστω·</em></strong></span> <span class='ocrx_word' id='word_1_37' title='bbox 830 918 935 1005; x_wconf 77' lang='grc' dir='ltr'><strong><em>λέγω,</em></strong></span> <span class='ocrx_word' id='word_1_38' title='bbox 967 917 1027 987; x_wconf 83' lang='grc' dir='ltr'><strong><em>ὅτι</em></strong></span> <span class='ocrx_word' id='word_1_39' title='bbox 1053 922 1114 989; x_wconf 79' lang='grc' dir='ltr'><strong><em>καὶ</em></strong></span> <span class='ocrx_word' id='word_1_40' title='bbox 1142 920 1208 990; x_wconf 90' lang='lat' dir='ltr'><strong><em>6A</em></strong></span> 
     </span>
     <span class='ocr_line' id='line_1_8' title="bbox 191 1025 416 1112; baseline 0.004 -20"><span class='ocrx_word' id='word_1_41' title='bbox 191 1025 293 1112; x_wconf 89' lang='grc' dir='ltr'><strong><em>κύβος</em></strong></span> <span class='ocrx_word' id='word_1_42' title='bbox 317 1027 416 1093; x_wconf 82' lang='grc' dir='ltr'><strong><em>ἐστίν.</em></strong></span> 
     </span>
     <span class='ocr_line' id='line_1_9' title="bbox 255 1129 1203 1220; baseline 0.001 -22"><span class='ocrx_word' id='word_1_43' title='bbox 255 1130 344 1200; x_wconf 83' lang='grc' dir='ltr'><strong><em>Ἐπεὶ</em></strong></span> <span class='ocrx_word' id='word_1_44' title='bbox 374 1130 439 1219; x_wconf 81' lang='grc' dir='ltr'><strong><em>γὰρ</em></strong></span> <span class='ocrx_word' id='word_1_45' title='bbox 469 1135 536 1199; x_wconf 76' lang='grc' dir='ltr'><strong><em>τῶν</em></strong></span> <span class='ocrx_word' id='word_1_46' title='bbox 564 1138 612 1215; x_wconf 97' lang='lat' dir='ltr'><em>A,</em></span> <span class='ocrx_word' id='word_1_47' title='bbox 632 1138 665 1197; x_wconf 97' lang='lat' dir='ltr'><em>A</em></span> <span class='ocrx_word' id='word_1_48' title='bbox 698 1130 761 1198; x_wconf 77' lang='grc' dir='ltr'><strong><em>δύο</em></strong></span> <span class='ocrx_word' id='word_1_49' title='bbox 789 1131 883 1219; x_wconf 81' lang='grc' dir='ltr'><strong><em>μέσοι</em></strong></span> <span class='ocrx_word' id='word_1_50' title='bbox 912 1129 1103 1220; x_wconf 78' lang='grc' dir='ltr'><strong><em>ἀνάλογόν</em></strong></span> <span class='ocrx_word' id='word_1_51' title='bbox 1129 1139 1203 1202; x_wconf 81' lang='grc' dir='ltr'><strong><em>εἰσιν</em></strong></span> 
     </span>
     <span class='ocr_line' id='line_1_10' title="bbox 192 1235 1205 1329; baseline 0.002 -25"><span class='ocrx_word' id='word_1_52' title='bbox 192 1237 333 1327; x_wconf 77' lang='grc' dir='ltr'><strong><em>ἀριθμοὶ</em></strong></span> <span class='ocrx_word' id='word_1_53' title='bbox 365 1241 401 1305; x_wconf 80' lang='grc' dir='ltr'><strong><em>ολ</em></strong></span> <span class='ocrx_word' id='word_1_54' title='bbox 429 1246 473 1323; x_wconf 92' lang='grc' dir='ltr'><strong><em>Β,</em></strong></span> <span class='ocrx_word' id='word_1_55' title='bbox 493 1243 534 1324; x_wconf 92' lang='grc' dir='ltr'><strong><em>Γ,</em></strong></span> <span class='ocrx_word' id='word_1_56' title='bbox 564 1240 600 1305; x_wconf 80' lang='grc' dir='ltr'><strong><em>ολ</em></strong></span> <span class='ocrx_word' id='word_1_57' title='bbox 624 1247 671 1324; x_wconf 96' lang='lat' dir='ltr'><em>A,</em></span> <span class='ocrx_word' id='word_1_58' title='bbox 691 1246 725 1305; x_wconf 91' lang='lat' dir='ltr'><em>A</em></span> <span class='ocrx_word' id='word_1_59' title='bbox 752 1237 817 1327; x_wconf 75' lang='grc' dir='ltr'><strong><em>ἄρα</em></strong></span> <span class='ocrx_word' id='word_1_60' title='bbox 845 1235 966 1325; x_wconf 86' lang='grc' dir='ltr'><strong><em>ὅμοιοί</em></strong></span> <span class='ocrx_word' id='word_1_61' title='bbox 990 1244 1064 1308; x_wconf 81' lang='grc' dir='ltr'><strong><em>εἰσι</em></strong></span> <span class='ocrx_word' id='word_1_62' title='bbox 1089 1240 1205 1329; x_wconf 72' lang='grc' dir='ltr'><strong><em>στερεοὶ</em></strong></span> 
     </span>
     <span class='ocr_line' id='line_1_11' title="bbox 140 1342 1203 1434; baseline 0 -20"><span class='ocrx_word' id='word_1_63' title='bbox 140 1364 173 1414; x_wconf 88' lang='lat'><strong><em>10</em></strong></span> <span class='ocrx_word' id='word_1_64' title='bbox 191 1342 341 1433; x_wconf 78' lang='grc' dir='ltr'><strong><em>ἀριθμοί.</em></strong></span> <span class='ocrx_word' id='word_1_65' title='bbox 387 1345 490 1431; x_wconf 92' lang='grc' dir='ltr'><strong><em>κύβος</em></strong></span> <span class='ocrx_word' id='word_1_66' title='bbox 518 1345 556 1413; x_wconf 74' lang='grc' dir='ltr'><strong><em>δὲ</em></strong></span> <span class='ocrx_word' id='word_1_67' title='bbox 585 1342 604 1413; x_wconf 91' lang='lat'><em>6</em></span> <span class='ocrx_word' id='word_1_68' title='bbox 632 1354 676 1413; x_wconf 91' lang='lat' dir='ltr'><strong><em>A·</em></strong></span> <span class='ocrx_word' id='word_1_69' title='bbox 708 1344 811 1432; x_wconf 89' lang='grc' dir='ltr'><strong><em>κύβος</em></strong></span> <span class='ocrx_word' id='word_1_70' title='bbox 834 1343 899 1432; x_wconf 73' lang='grc' dir='ltr'><strong><em>ἄρα</em></strong></span> <span class='ocrx_word' id='word_1_71' title='bbox 921 1345 982 1412; x_wconf 81' lang='grc' dir='ltr'><strong><em>καὶ</em></strong></span> <span class='ocrx_word' id='word_1_72' title='bbox 1007 1344 1028 1414; x_wconf 90' lang='lat'><em>6</em></span> <span class='ocrx_word' id='word_1_73' title='bbox 1057 1357 1107 1414; x_wconf 90' lang='lat' dir='ltr'><strong><em>A·</em></strong></span> <span class='ocrx_word' id='word_1_74' title='bbox 1134 1345 1203 1434; x_wconf 80' lang='grc' dir='ltr'><strong><em>ὅπερ</em></strong></span> 
     </span>
     <span class='ocr_line' id='line_1_12' title="bbox 129 1442 398 1532; baseline 0.004 -14"><span class='ocrx_word' id='word_1_75' title='bbox 129 1442 133 1453; x_wconf 67' lang='grc'><strong>’</strong></span> <span class='ocrx_word' id='word_1_76' title='bbox 193 1454 260 1518; x_wconf 76' lang='grc' dir='ltr'><strong><em>ἔδει</em></strong></span> <span class='ocrx_word' id='word_1_77' title='bbox 284 1453 398 1532; x_wconf 76' lang='grc' dir='ltr'><strong><em>δεῖξαι.</em></strong></span> 
     </span>
    </p>
   </div>
   <div class='ocr_carea' id='block_1_3' title="bbox 142 1557 1207 1967">
    <p class='ocr_par' dir='ltr' id='par_1_3' title="bbox 142 1557 1207 1967">
     <span class='ocr_line' id='line_1_13' title="bbox 670 1557 735 1625; baseline 0 0"><span class='ocrx_word' id='word_1_78' title='bbox 670 1557 735 1625; x_wconf 80' lang='grc' dir='ltr'><strong><em>κδ’.</em></strong></span> 
     </span>
     <span class='ocr_line' id='line_1_14' title="bbox 257 1661 1207 1755; baseline 0.005 -25"><span class='ocrx_word' id='word_1_79' title='bbox 257 1661 344 1731; x_wconf 77' lang='grc' dir='ltr'><strong><em>Ἐὰν</em></strong></span> <span class='ocrx_word' id='word_1_80' title='bbox 365 1663 436 1732; x_wconf 75' lang='grc' dir='ltr'><strong><em>δύο</em></strong></span> <span class='ocrx_word' id='word_1_81' title='bbox 457 1663 624 1752; x_wconf 77' lang='grc' dir='ltr'><strong><em>ἀριθμοὶ</em></strong></span> <span class='ocrx_word' id='word_1_82' title='bbox 643 1664 741 1754; x_wconf 78' lang='grc' dir='ltr'><strong><em>πρὸς</em></strong></span> <span class='ocrx_word' id='word_1_83' title='bbox 760 1661 1108 1754; x_wconf 71' lang='grc' dir='ltr'><strong><em>ἆλλήλουςλόγοκ</em></strong></span> <span class='ocrx_word' id='word_1_84' title='bbox 1127 1672 1207 1755; x_wconf 81' lang='grc' dir='ltr'><strong><em>έχω-</em></strong></span> 
     </span>
     <span class='ocr_line' id='line_1_15' title="bbox 193 1767 1205 1860; baseline 0.001 -22"><span class='ocrx_word' id='word_1_85' title='bbox 193 1791 273 1856; x_wconf 87' lang='grc' dir='ltr'><strong><em>σιν,</em></strong></span> <span class='ocrx_word' id='word_1_86' title='bbox 298 1767 342 1837; x_wconf 79' lang='grc' dir='ltr'><strong><em>ὃν</em></strong></span> <span class='ocrx_word' id='word_1_87' title='bbox 365 1769 613 1857; x_wconf 78' lang='grc' dir='ltr'><strong><em>τετράγωνος</em></strong></span> <span class='ocrx_word' id='word_1_88' title='bbox 637 1771 809 1859; x_wconf 76' lang='grc' dir='ltr'><strong><em>ἀριθμὸς</em></strong></span> <span class='ocrx_word' id='word_1_89' title='bbox 830 1769 929 1858; x_wconf 81' lang='grc' dir='ltr'><strong><em>πρὸς</em></strong></span> <span class='ocrx_word' id='word_1_90' title='bbox 952 1773 1205 1860; x_wconf 74' lang='grc' dir='ltr'><strong><em>τετράγωνον</em></strong></span> 
     </span>
     <span class='ocr_line' id='line_1_16' title="bbox 142 1870 1203 1967; baseline 0 -23"><span class='ocrx_word' id='word_1_91' title='bbox 142 1895 173 1944; x_wconf 81' lang='lat'><strong><em>15</em></strong></span> <span class='ocrx_word' id='word_1_92' title='bbox 194 1874 385 1963; x_wconf 74' lang='grc' dir='ltr'><strong><em>ἀριθμόν,</em></strong></span> <span class='ocrx_word' id='word_1_93' title='bbox 419 1873 437 1943; x_wconf 94' lang='lat'><em>6</em></span> <span class='ocrx_word' id='word_1_94' title='bbox 471 1876 513 1944; x_wconf 73' lang='grc' dir='ltr'><strong><em>δὲ</em></strong></span> <span class='ocrx_word' id='word_1_95' title='bbox 544 1879 696 1965; x_wconf 75' lang='grc' dir='ltr'><strong><em>πρῶτος</em></strong></span> <span class='ocrx_word' id='word_1_96' title='bbox 727 1876 978 1965; x_wconf 79' lang='grc' dir='ltr'><strong><em>τετράγωνος</em></strong></span> <span class='ocrx_word' id='word_1_97' title='bbox 1015 1870 1056 1967; x_wconf 74' lang='grc' dir='ltr'><strong><em>ᾗ,</em></strong></span> <span class='ocrx_word' id='word_1_98' title='bbox 1096 1879 1161 1946; x_wconf 80' lang='grc' dir='ltr'><strong><em>καὶ</em></strong></span> <span class='ocrx_word' id='word_1_99' title='bbox 1189 1874 1203 1944; x_wconf 90' lang='lat'><em>6</em></span> 
     </span>
    </p>
   </div>
   <div class='ocr_carea' id='block_1_4' title="bbox 140 1981 1209 3135">
    <p class='ocr_par' dir='ltr' id='par_1_4' title="bbox 194 1981 797 2073">
     <span class='ocr_line' id='line_1_17' title="bbox 194 1981 797 2073; baseline 0.002 -24"><span class='ocrx_word' id='word_1_100' title='bbox 194 1982 380 2070; x_wconf 77' lang='grc' dir='ltr'><strong><em>δεύτερος</em></strong></span> <span class='ocrx_word' id='word_1_101' title='bbox 402 1981 653 2073; x_wconf 78' lang='grc' dir='ltr'><strong><em>τετράγωνος</em></strong></span> <span class='ocrx_word' id='word_1_102' title='bbox 677 1987 797 2050; x_wconf 86' lang='grc' dir='ltr'><strong><em>ἐσται.</em></strong></span> 
     </span>
    </p>

    <p class='ocr_par' dir='ltr' id='par_1_5' title="bbox 262 2087 1205 2179">
     <span class='ocr_line' id='line_1_18' title="bbox 262 2087 1205 2179; baseline 0.002 -23"><span class='ocrx_word' id='word_1_103' title='bbox 262 2089 336 2157; x_wconf 83' lang='grc' dir='ltr'><strong><em>Δύο</em></strong></span> <span class='ocrx_word' id='word_1_104' title='bbox 364 2089 429 2176; x_wconf 79' lang='grc' dir='ltr'><strong><em>γὰρ</em></strong></span> <span class='ocrx_word' id='word_1_105' title='bbox 458 2089 598 2178; x_wconf 78' lang='grc' dir='ltr'><strong><em>ἀριθμοὶ</em></strong></span> <span class='ocrx_word' id='word_1_106' title='bbox 629 2091 664 2155; x_wconf 69' lang='grc' dir='ltr'><strong><em>οἱ</em></strong></span> <span class='ocrx_word' id='word_1_107' title='bbox 685 2098 731 2175; x_wconf 89' lang='lat' dir='ltr'><em>A,</em></span> <span class='ocrx_word' id='word_1_108' title='bbox 752 2096 781 2156; x_wconf 92' lang='grc' dir='ltr'><em>Β</em></span> <span class='ocrx_word' id='word_1_109' title='bbox 803 2087 886 2178; x_wconf 76' lang='grc' dir='ltr'><strong><em>πρὸς</em></strong></span> <span class='ocrx_word' id='word_1_110' title='bbox 909 2087 1086 2176; x_wconf 77' lang='grc' dir='ltr'><strong><em>ἀλλήλους</em></strong></span> <span class='ocrx_word' id='word_1_111' title='bbox 1108 2091 1205 2179; x_wconf 74' lang='grc' dir='ltr'><strong><em>λόγον</em></strong></span> 
     </span>
    </p>

    <p class='ocr_par' dir='ltr' id='par_1_6' title="bbox 140 2193 1206 2496">
     <span class='ocr_line' id='line_1_19' title="bbox 195 2193 1206 2286; baseline 0.002 -24"><span class='ocrx_word' id='word_1_112' title='bbox 195 2195 368 2281; x_wconf 79' lang='grc' dir='ltr'><strong><em>ἐχέτωσαν,</em></strong></span> <span class='ocrx_word' id='word_1_113' title='bbox 393 2193 434 2264; x_wconf 81' lang='grc' dir='ltr'><strong><em>ὃν</em></strong></span> <span class='ocrx_word' id='word_1_114' title='bbox 457 2196 664 2284; x_wconf 74' lang='grc' dir='ltr'><strong><em>τετράγωνος</em></strong></span> <span class='ocrx_word' id='word_1_115' title='bbox 683 2195 829 2283; x_wconf 71' lang='grc' dir='ltr'><strong><em>ἀριθμὸς</em></strong></span> <span class='ocrx_word' id='word_1_116' title='bbox 852 2196 870 2264; x_wconf 91' lang='lat'><em>6</em></span> <span class='ocrx_word' id='word_1_117' title='bbox 890 2202 923 2263; x_wconf 91' lang='grc' dir='ltr'><em>Γ</em></span> <span class='ocrx_word' id='word_1_118' title='bbox 942 2195 1030 2285; x_wconf 81' lang='grc' dir='ltr'><strong><em>πρὸς</em></strong></span> <span class='ocrx_word' id='word_1_119' title='bbox 1049 2199 1206 2286; x_wconf 79' lang='grc' dir='ltr'><strong><em>τετρύγω·</em></strong></span> 
     </span>
     <span class='ocr_line' id='line_1_20' title="bbox 152 2298 1206 2391; baseline 0.001 -23"><span class='ocrx_word' id='word_1_120' title='bbox 152 2328 160 2344; x_wconf 87' lang='grc'><em>·</em></span> <span class='ocrx_word' id='word_1_121' title='bbox 194 2328 256 2368; x_wconf 83' lang='grc' dir='ltr'><strong><em>κον</em></strong></span> <span class='ocrx_word' id='word_1_122' title='bbox 280 2298 513 2387; x_wconf 74' lang='grc' dir='ltr'><strong><em>ἀριθμὸντὸν</em></strong></span> <span class='ocrx_word' id='word_1_123' title='bbox 536 2312 579 2386; x_wconf 88' lang='lat' dir='ltr'><em>A,</em></span> <span class='ocrx_word' id='word_1_124' title='bbox 604 2301 621 2370; x_wconf 92' lang='lat'><em>6</em></span> <span class='ocrx_word' id='word_1_125' title='bbox 647 2303 685 2370; x_wconf 77' lang='grc' dir='ltr'><strong><em>δὲ</em></strong></span> <span class='ocrx_word' id='word_1_126' title='bbox 708 2312 740 2369; x_wconf 84' lang='grc' dir='ltr'><em>Α</em></span> <span class='ocrx_word' id='word_1_127' title='bbox 763 2301 970 2391; x_wconf 78' lang='grc' dir='ltr'><strong><em>τετράγωνος</em></strong></span> <span class='ocrx_word' id='word_1_128' title='bbox 989 2307 1091 2372; x_wconf 82' lang='grc' dir='ltr'><strong><em>ἔστω·</em></strong></span> <span class='ocrx_word' id='word_1_129' title='bbox 1116 2307 1206 2390; x_wconf 78' lang='grc' dir='ltr'><strong><em>λέγω,</em></strong></span> 
     </span>
     <span class='ocr_line' id='line_1_21' title="bbox 140 2403 774 2496; baseline 0.002 -20"><span class='ocrx_word' id='word_1_130' title='bbox 140 2429 175 2479; x_wconf 78' lang='lat'><strong><em>20</em></strong></span> <span class='ocrx_word' id='word_1_131' title='bbox 195 2405 245 2474; x_wconf 85' lang='grc' dir='ltr'><strong><em>ὅτι</em></strong></span> <span class='ocrx_word' id='word_1_132' title='bbox 269 2408 323 2473; x_wconf 84' lang='grc' dir='ltr'><strong><em>καὶ</em></strong></span> <span class='ocrx_word' id='word_1_133' title='bbox 349 2403 366 2473; x_wconf 90' lang='lat'><em>6</em></span> <span class='ocrx_word' id='word_1_134' title='bbox 391 2414 419 2473; x_wconf 87' lang='grc' dir='ltr'>Β</span> <span class='ocrx_word' id='word_1_135' title='bbox 442 2407 651 2496; x_wconf 75' lang='grc' dir='ltr'><strong><em>τετράγωνός</em></strong></span> <span class='ocrx_word' id='word_1_136' title='bbox 675 2412 774 2477; x_wconf 86' lang='grc' dir='ltr'><strong><em>ἐστιν.</em></strong></span> 
     </span>
    </p>

    <p class='ocr_par' dir='ltr' id='par_1_7' title="bbox 194 2512 1209 2922">
     <span class='ocr_line' id='line_1_22' title="bbox 257 2512 1207 2603; baseline 0.003 -24"><span class='ocrx_word' id='word_1_137' title='bbox 257 2512 346 2580; x_wconf 84' lang='grc' dir='ltr'><strong><em>Ἐπεὶ</em></strong></span> <span class='ocrx_word' id='word_1_138' title='bbox 369 2512 434 2600; x_wconf 79' lang='grc' dir='ltr'><strong><em>γὰρ</em></strong></span> <span class='ocrx_word' id='word_1_139' title='bbox 459 2517 494 2582; x_wconf 78' lang='lat' dir='ltr'><strong><em>oc</em></strong></span> <span class='ocrx_word' id='word_1_140' title='bbox 514 2521 552 2599; x_wconf 93' lang='grc' dir='ltr'><strong><em>Γ,</em></strong></span> <span class='ocrx_word' id='word_1_141' title='bbox 572 2523 605 2580; x_wconf 95' lang='lat' dir='ltr'><em>A</em></span> <span class='ocrx_word' id='word_1_142' title='bbox 628 2515 833 2603; x_wconf 78' lang='grc' dir='ltr'><strong><em>τετράγωνοί</em></strong></span> <span class='ocrx_word' id='word_1_143' title='bbox 854 2519 951 2599; x_wconf 84' lang='grc' dir='ltr'><strong><em>εἰσιν,</em></strong></span> <span class='ocrx_word' id='word_1_144' title='bbox 976 2517 1012 2581; x_wconf 76' lang='grc' dir='ltr'><strong><em>οἱ</em></strong></span> <span class='ocrx_word' id='word_1_145' title='bbox 1034 2521 1075 2601; x_wconf 87' lang='grc' dir='ltr'><strong><em>Γ,</em></strong></span> <span class='ocrx_word' id='word_1_146' title='bbox 1094 2525 1130 2582; x_wconf 89' lang='lat' dir='ltr'><em>A</em></span> <span class='ocrx_word' id='word_1_147' title='bbox 1149 2515 1207 2602; x_wconf 77' lang='grc' dir='ltr'><strong><em>ἄρα</em></strong></span> 
     </span>
     <span class='ocr_line' id='line_1_23' title="bbox 195 2614 1206 2710; baseline 0.001 -24"><span class='ocrx_word' id='word_1_148' title='bbox 195 2617 304 2704; x_wconf 82' lang='grc' dir='ltr'><strong><em>ὅμοιοι</em></strong></span> <span class='ocrx_word' id='word_1_149' title='bbox 324 2623 477 2687; x_wconf 75' lang='grc' dir='ltr'><strong><em>ἐπίπεδοί</em></strong></span> <span class='ocrx_word' id='word_1_150' title='bbox 497 2625 592 2688; x_wconf 74' lang='grc' dir='ltr'><strong><em>εἰσιν.</em></strong></span> <span class='ocrx_word' id='word_1_151' title='bbox 633 2625 701 2689; x_wconf 78' lang='grc' dir='ltr'><strong><em>τῶν</em></strong></span> <span class='ocrx_word' id='word_1_152' title='bbox 725 2628 763 2707; x_wconf 92' lang='grc' dir='ltr'><strong><em>Γ,</em></strong></span> <span class='ocrx_word' id='word_1_153' title='bbox 784 2631 817 2688; x_wconf 96' lang='lat' dir='ltr'><em>A</em></span> <span class='ocrx_word' id='word_1_154' title='bbox 840 2619 906 2710; x_wconf 74' lang='grc' dir='ltr'><strong><em>ἄρα</em></strong></span> <span class='ocrx_word' id='word_1_155' title='bbox 930 2614 977 2700; x_wconf 84' lang='grc' dir='ltr'><strong><em>εἷς</em></strong></span> <span class='ocrx_word' id='word_1_156' title='bbox 1001 2622 1106 2706; x_wconf 83' lang='grc' dir='ltr'><strong><em>μέσος</em></strong></span> <span class='ocrx_word' id='word_1_157' title='bbox 1131 2619 1206 2688; x_wconf 81' lang='grc' dir='ltr'><strong><em>ιἰνοί-</em></strong></span> 
     </span>
     <span class='ocr_line' id='line_1_24' title="bbox 194 2725 1208 2816; baseline 0.001 -23"><span class='ocrx_word' id='word_1_158' title='bbox 194 2733 297 2812; x_wconf 80' lang='grc' dir='ltr'><strong><em>λογον</em></strong></span> <span class='ocrx_word' id='word_1_159' title='bbox 322 2730 471 2812; x_wconf 79' lang='grc' dir='ltr'><strong><em>ἐμπίπτει</em></strong></span> <span class='ocrx_word' id='word_1_160' title='bbox 493 2725 647 2815; x_wconf 71' lang='grc' dir='ltr'><strong><em>ἀριθμός.</em></strong></span> <span class='ocrx_word' id='word_1_161' title='bbox 685 2735 743 2795; x_wconf 89' lang='grc' dir='ltr'><strong><em>καί</em></strong></span> <span class='ocrx_word' id='word_1_162' title='bbox 764 2732 853 2797; x_wconf 81' lang='grc' dir='ltr'><strong><em>ἐστιν</em></strong></span> <span class='ocrx_word' id='word_1_163' title='bbox 878 2725 923 2808; x_wconf 76' lang='grc' dir='ltr'><strong><em>ὥς</em></strong></span> <span class='ocrx_word' id='word_1_164' title='bbox 947 2727 964 2795; x_wconf 90' lang='lat'><em>6</em></span> <span class='ocrx_word' id='word_1_165' title='bbox 990 2733 1023 2794; x_wconf 89' lang='grc' dir='ltr'>Γ</span> <span class='ocrx_word' id='word_1_166' title='bbox 1044 2729 1132 2816; x_wconf 77' lang='grc' dir='ltr'><strong><em>πρὸς</em></strong></span> <span class='ocrx_word' id='word_1_167' title='bbox 1155 2727 1208 2795; x_wconf 84' lang='grc' dir='ltr'><strong><em>τὸν</em></strong></span> 
     </span>
     <span class='ocr_line' id='line_1_25' title="bbox 194 2829 1209 2922; baseline 0.003 -23"><span class='ocrx_word' id='word_1_168' title='bbox 194 2841 242 2917; x_wconf 91' lang='lat' dir='ltr'><em>A,</em></span> <span class='ocrx_word' id='word_1_169' title='bbox 271 2830 289 2900; x_wconf 91' lang='lat'><em>6</em></span> <span class='ocrx_word' id='word_1_170' title='bbox 318 2841 350 2898; x_wconf 91' lang='lat' dir='ltr'><em>A</em></span> <span class='ocrx_word' id='word_1_171' title='bbox 377 2832 461 2921; x_wconf 79' lang='grc' dir='ltr'><strong><em>πρὸς</em></strong></span> <span class='ocrx_word' id='word_1_172' title='bbox 489 2831 549 2901; x_wconf 84' lang='grc' dir='ltr'><strong><em>τὸν</em></strong></span> <span class='ocrx_word' id='word_1_173' title='bbox 578 2842 618 2900; x_wconf 89' lang='grc' dir='ltr'><strong><em>Β·</em></strong></span> <span class='ocrx_word' id='word_1_174' title='bbox 647 2836 702 2902; x_wconf 85' lang='grc' dir='ltr'><strong><em>καὶ</em></strong></span> <span class='ocrx_word' id='word_1_175' title='bbox 729 2840 796 2903; x_wconf 77' lang='grc' dir='ltr'><strong><em>τῶν</em></strong></span> <span class='ocrx_word' id='word_1_176' title='bbox 820 2845 867 2920; x_wconf 88' lang='grc' dir='ltr'><strong><em>Α,</em></strong></span> <span class='ocrx_word' id='word_1_177' title='bbox 887 2843 914 2901; x_wconf 90' lang='grc' dir='ltr'><em>Β</em></span> <span class='ocrx_word' id='word_1_178' title='bbox 938 2833 1005 2920; x_wconf 77' lang='grc' dir='ltr'><strong><em>ἄρα</em></strong></span> <span class='ocrx_word' id='word_1_179' title='bbox 1035 2829 1084 2915; x_wconf 82' lang='grc' dir='ltr'><strong><em>εἷς</em></strong></span> <span class='ocrx_word' id='word_1_180' title='bbox 1113 2838 1209 2922; x_wconf 85' lang='grc' dir='ltr'><strong><em>μέσος</em></strong></span> 
     </span>
    </p>

    <p class='ocr_par' dir='ltr' id='par_1_8' title="bbox 141 2937 1209 3135">
     <span class='ocr_line' id='line_1_26' title="bbox 141 2937 1209 3028; baseline 0.002 -23"><span class='ocrx_word' id='word_1_181' title='bbox 141 2965 174 3012; x_wconf 79' lang='lat'><strong><em>25</em></strong></span> <span class='ocrx_word' id='word_1_182' title='bbox 194 2937 364 3024; x_wconf 79' lang='grc' dir='ltr'><strong><em>ἀνάλογον</em></strong></span> <span class='ocrx_word' id='word_1_183' title='bbox 398 2942 547 3026; x_wconf 78' lang='grc' dir='ltr'><strong><em>ἐμπίπτει</em></strong></span> <span class='ocrx_word' id='word_1_184' title='bbox 579 2939 732 3026; x_wconf 77' lang='grc' dir='ltr'><strong><em>ἀριθμός.</em></strong></span> <span class='ocrx_word' id='word_1_185' title='bbox 778 2948 837 3009; x_wconf 86' lang='grc' dir='ltr'><strong><em>καί</em></strong></span> <span class='ocrx_word' id='word_1_186' title='bbox 868 2944 958 3008; x_wconf 76' lang='grc' dir='ltr'><strong><em>ἐστιν</em></strong></span> <span class='ocrx_word' id='word_1_187' title='bbox 989 2938 1006 3007; x_wconf 92' lang='lat'><em>6</em></span> <span class='ocrx_word' id='word_1_188' title='bbox 1037 2951 1071 3008; x_wconf 90' lang='lat' dir='ltr'><em>A</em></span> <span class='ocrx_word' id='word_1_189' title='bbox 1099 2940 1209 3028; x_wconf 81' lang='grc' dir='ltr'><strong><em>τετρύ-</em></strong></span> 
     </span>
     <span class='ocr_line' id='line_1_27' title="bbox 194 3043 1209 3135; baseline -0.001 -24"><span class='ocrx_word' id='word_1_190' title='bbox 194 3066 314 3130; x_wconf 76' lang='grc' dir='ltr'><strong><em>γωνος</em></strong></span> <span class='ocrx_word' id='word_1_191' title='bbox 328 3044 383 3111; x_wconf 83' lang='grc' dir='ltr'><strong><em>καὶ</em></strong></span> <span class='ocrx_word' id='word_1_192' title='bbox 403 3043 421 3112; x_wconf 92' lang='lat'><em>6</em></span> <span class='ocrx_word' id='word_1_193' title='bbox 441 3053 469 3112; x_wconf 89' lang='lat' dir='ltr'><em>B</em></span> <span class='ocrx_word' id='word_1_194' title='bbox 485 3048 550 3133; x_wconf 79' lang='grc' dir='ltr'><strong><em>ἄρα</em></strong></span> <span class='ocrx_word' id='word_1_195' title='bbox 564 3046 771 3135; x_wconf 78' lang='grc' dir='ltr'><strong><em>τετράγωνός</em></strong></span> <span class='ocrx_word' id='word_1_196' title='bbox 785 3050 890 3115; x_wconf 83' lang='grc' dir='ltr'><strong><em>ἐστιν·</em></strong></span> <span class='ocrx_word' id='word_1_197' title='bbox 910 3043 994 3132; x_wconf 77' lang='grc' dir='ltr'><strong><em>ὅπερ</em></strong></span> <span class='ocrx_word' id='word_1_198' title='bbox 1010 3050 1082 3114; x_wconf 79' lang='grc' dir='ltr'><strong><em>ἔδει</em></strong></span> <span class='ocrx_word' id='word_1_199' title='bbox 1097 3050 1209 3127; x_wconf 75' lang='grc' dir='ltr'><strong><em>δεῖξαι.</em></strong></span> 
     </span>
    </p>
   </div>
   <div class='ocr_carea' id='block_1_5' title="bbox 194 3174 408 3183">
    <p class='ocr_par' dir='ltr' id='par_1_9' title="bbox 194 3174 408 3183">
     <span class='ocr_line' id='line_1_28' title="bbox 194 3174 408 3183; baseline 0.009 -3"><span class='ocrx_word' id='word_1_200' title='bbox 194 3174 408 3183; x_wconf 72' lang='lat'><em>.—-..........-</em></span> 
     </span>
    </p>
   </div>
   <div class='ocr_carea' id='block_1_6' title="bbox 194 3219 1209 3578">
    <p class='ocr_par' dir='ltr' id='par_1_10' title="bbox 194 3219 1209 3578">
     <span class='ocr_line' id='line_1_29' title="bbox 267 3219 1209 3293; baseline 0 -17"><span class='ocrx_word' id='word_1_201' title='bbox 267 3230 289 3276; x_wconf 77' lang='lat'><strong><em>7.</em></strong></span> <span class='ocrx_word' id='word_1_202' title='bbox 321 3219 398 3276; x_wconf 80' lang='grc' dir='ltr'><strong><em>ἐσται</em></strong></span> <span class='ocrx_word' id='word_1_203' title='bbox 425 3222 515 3291; x_wconf 66' lang='lat' dir='ltr'>BVoe.</span> <span class='ocrx_word' id='word_1_204' title='bbox 603 3228 628 3277; x_wconf 77' lang='lat'><strong><em>9.</em></strong></span> <span class='ocrx_word' id='word_1_205' title='bbox 652 3229 686 3290; x_wconf 87' lang='lat' dir='ltr'><strong><em>B,</em></strong></span> <span class='ocrx_word' id='word_1_206' title='bbox 713 3224 750 3293; x_wconf 90' lang='grc' dir='ltr'><strong><em>Γ]</em></strong></span> <span class='ocrx_word' id='word_1_207' title='bbox 777 3227 813 3290; x_wconf 88' lang='grc' dir='ltr'><strong><em>Γ,</em></strong></span> <span class='ocrx_word' id='word_1_208' title='bbox 838 3228 859 3276; x_wconf 87' lang='grc' dir='ltr'><em>Β</em></span> <span class='ocrx_word' id='word_1_209' title='bbox 882 3242 912 3291; x_wconf 86' lang='grc' dir='ltr'><strong><em>φ.</em></strong></span> <span class='ocrx_word' id='word_1_210' title='bbox 951 3219 1021 3275; x_wconf 78' lang='grc' dir='ltr'><strong><em>εἰσιν</em></strong></span> <span class='ocrx_word' id='word_1_211' title='bbox 1046 3222 1080 3279; x_wconf 90' lang='grc' dir='ltr'><strong><em>Ρ.</em></strong></span> <span class='ocrx_word' id='word_1_212' title='bbox 1171 3229 1209 3276; x_wconf 76' lang='grc'><strong><em>14.</em></strong></span> 
     </span>
     <span class='ocr_line' id='line_1_30' title="bbox 194 3288 1209 3380; baseline 0.003 -34"><span class='ocrx_word' id='word_1_213' title='bbox 194 3290 367 3362; x_wconf 73' lang='grc' dir='ltr'><strong><em>τετράγωνος</em></strong></span> <span class='ocrx_word' id='word_1_214' title='bbox 393 3288 517 3362; x_wconf 78' lang='grc' dir='ltr'><strong><em>ἀριθμὸς</em></strong></span> <span class='ocrx_word' id='word_1_215' title='bbox 544 3290 630 3364; x_wconf 83' lang='grc' dir='ltr'><strong><em>πρός]</em></strong></span> <span class='ocrx_word' id='word_1_216' title='bbox 655 3311 710 3362; x_wconf 88' lang='lat' dir='ltr'><strong><em>mg.</em></strong></span> <span class='ocrx_word' id='word_1_217' title='bbox 735 3315 764 3380; x_wconf 64' lang='grc' dir='ltr'><strong><em>μ.</em></strong></span> <span class='ocrx_word' id='word_1_218' title='bbox 807 3292 981 3361; x_wconf 75' lang='grc' dir='ltr'><strong><em>τετράγωνος</em></strong></span> <span class='ocrx_word' id='word_1_219' title='bbox 1004 3313 1040 3361; x_wconf 84' lang='grc' dir='ltr'><strong><em>φ,</em></strong></span> <span class='ocrx_word' id='word_1_220' title='bbox 1067 3295 1117 3349; x_wconf 83' lang='lat' dir='ltr'><strong><em>sed</em></strong></span> <span class='ocrx_word' id='word_1_221' title='bbox 1143 3311 1209 3349; x_wconf 85' lang='lat' dir='ltr'><strong>corr.</strong></span> 
     </span>
     <span class='ocr_line' id='line_1_31' title="bbox 195 3357 1198 3435; baseline 0.002 -19"><span class='ocrx_word' id='word_1_222' title='bbox 195 3370 236 3417; x_wconf 75' lang='lat'><strong><em>15.</em></strong></span> <span class='ocrx_word' id='word_1_223' title='bbox 258 3359 383 3432; x_wconf 71' lang='grc' dir='ltr'><strong><em>ἀριθμός</em></strong></span> <span class='ocrx_word' id='word_1_224' title='bbox 401 3385 432 3433; x_wconf 81' lang='grc' dir='ltr'><strong><em>φ,</em></strong></span> <span class='ocrx_word' id='word_1_225' title='bbox 452 3366 500 3418; x_wconf 80' lang='lat' dir='ltr'><strong><em>sed</em></strong></span> <span class='ocrx_word' id='word_1_226' title='bbox 520 3382 586 3419; x_wconf 84' lang='lat' dir='ltr'>corr.</span> <span class='ocrx_word' id='word_1_227' title='bbox 625 3357 642 3435; x_wconf 79' lang='grc' dir='ltr'><em>ἦ</em></span> <span class='ocrx_word' id='word_1_228' title='bbox 662 3384 836 3433; x_wconf 77' lang='grc' dir='ltr'><strong><em>τετραγωνος</em></strong></span> <span class='ocrx_word' id='word_1_229' title='bbox 851 3365 942 3431; x_wconf 66' lang='lat' dir='ltr'><strong>BVgo.</strong></span> <span class='ocrx_word' id='word_1_230' title='bbox 999 3370 1042 3420; x_wconf 82' lang='lat'><strong><em>16.</em></strong></span> <span class='ocrx_word' id='word_1_231' title='bbox 1064 3362 1198 3434; x_wconf 79' lang='grc' dir='ltr'><strong><em>δεύτερος</em></strong></span> 
     </span>
     <span class='ocr_line' id='line_1_32' title="bbox 194 3430 1199 3504; baseline 0.003 -17"><span class='ocrx_word' id='word_1_232' title='bbox 194 3431 291 3495; x_wconf 88' lang='grc' dir='ltr'><strong><em>λοιπός</em></strong></span> <span class='ocrx_word' id='word_1_233' title='bbox 309 3435 339 3488; x_wconf 93' lang='lat' dir='ltr'><strong><em>P.</em></strong></span> <span class='ocrx_word' id='word_1_234' title='bbox 432 3442 473 3489; x_wconf 77' lang='lat'><strong><em>22.</em></strong></span> <span class='ocrx_word' id='word_1_235' title='bbox 495 3435 549 3490; x_wconf 77' lang='grc' dir='ltr'><strong><em>εἶσι</em></strong></span> <span class='ocrx_word' id='word_1_236' title='bbox 568 3437 629 3503; x_wconf 70' lang='lat' dir='ltr'>Vq).</span> <span class='ocrx_word' id='word_1_237' title='bbox 721 3442 763 3490; x_wconf 78' lang='lat'><strong><em>23.</em></strong></span> <span class='ocrx_word' id='word_1_238' title='bbox 783 3434 849 3504; x_wconf 89' lang='grc' dir='ltr'><strong><em>καί]</em></strong></span> <span class='ocrx_word' id='word_1_239' title='bbox 873 3434 922 3489; x_wconf 82' lang='grc' dir='ltr'><strong><em>καὶ</em></strong></span> <span class='ocrx_word' id='word_1_240' title='bbox 942 3430 1007 3488; x_wconf 79' lang='grc' dir='ltr'><strong><em>ἐπεί</em></strong></span> <span class='ocrx_word' id='word_1_241' title='bbox 1023 3437 1055 3490; x_wconf 89' lang='grc' dir='ltr'><strong><em>Ρ.</em></strong></span> <span class='ocrx_word' id='word_1_242' title='bbox 1150 3433 1199 3490; x_wconf 81' lang='grc' dir='ltr'><strong><em>τόν</em></strong></span> 
     </span>
     <span class='ocr_line' id='line_1_33' title="bbox 195 3501 940 3578; baseline 0.003 -20"><span class='ocrx_word' id='word_1_243' title='bbox 195 3523 248 3561; x_wconf 87' lang='lat' dir='ltr'><strong><em>om.</em></strong></span> <span class='ocrx_word' id='word_1_244' title='bbox 268 3504 299 3560; x_wconf 91' lang='lat' dir='ltr'><strong><em>B.</em></strong></span> <span class='ocrx_word' id='word_1_245' title='bbox 374 3512 415 3559; x_wconf 81' lang='lat'><strong><em>24.</em></strong></span> <span class='ocrx_word' id='word_1_246' title='bbox 436 3503 502 3578; x_wconf 82' lang='grc' dir='ltr'><strong><em>τόν]</em></strong></span> <span class='ocrx_word' id='word_1_247' title='bbox 525 3523 578 3563; x_wconf 90' lang='lat' dir='ltr'><strong><em>om.</em></strong></span> <span class='ocrx_word' id='word_1_248' title='bbox 599 3507 628 3560; x_wconf 28' lang='lat' dir='ltr'><strong><em>B,</em></strong></span> <span class='ocrx_word' id='word_1_249' title='bbox 703 3511 745 3561; x_wconf 81' lang='lat'><strong><em>25.</em></strong></span> <span class='ocrx_word' id='word_1_250' title='bbox 766 3501 799 3577; x_wconf 89' lang='lat'><strong><em>6]</em></strong></span> <span class='ocrx_word' id='word_1_251' title='bbox 820 3503 857 3568; x_wconf 84' lang='grc' dir='ltr'><strong><em>ὡς</em></strong></span> <span class='ocrx_word' id='word_1_252' title='bbox 876 3505 889 3559; x_wconf 90' lang='lat'><em>6</em></span> <span class='ocrx_word' id='word_1_253' title='bbox 910 3505 940 3560; x_wconf 89' lang='lat' dir='ltr'><strong><em>P.</em></strong></span> 
     </span>
    </p>
   </div>
   <div class='ocr_carea' id='block_1_7' title="bbox 0 0 1276 4012">
    <p class='ocr_par' dir='ltr' id='par_1_11' title="bbox 0 0 1276 4012">
     <span class='ocr_line' id='line_1_34' title="bbox 0 0 1276 4012; baseline 0 0"><span class='ocrx_word' id='word_1_254' title='bbox 0 0 1276 4012; x_wconf 95' lang='lat' dir='ltr'><strong><em> </em></strong></span> 
     </span>
    </p>
   </div>
  </div>
 </body>
</html>
