<?xml version="1.0" encoding="UTF-8"?>
<!DOCTYPE html PUBLIC "-//W3C//DTD XHTML 1.0 Transitional//EN"
    "http://www.w3.org/TR/xhtml1/DTD/xhtml1-transitional.dtd">
<html xmlns="http://www.w3.org/1999/xhtml" xml:lang="en" lang="en">
 <head>
  <title>
</title>
<meta http-equiv="Content-Type" content="text/html;charset=utf-8" />
  <meta name='ocr-system' content='tesseract 3.04.00' />
  <meta name='ocr-capabilities' content='ocr_page ocr_carea ocr_par ocr_line ocrx_word'/>
</head>
<body>
  <div class='ocr_page' id='page_1' title='image "./euclidisoperaom03unkngoog_0707.png"; bbox 0 0 2514 4012; ppageno 0'>
   <div class='ocr_carea' id='block_1_1' title="bbox 142 181 775 252">
    <p class='ocr_par' dir='ltr' id='par_1_1' title="bbox 142 181 775 252">
     <span class='ocr_line' id='line_1_1' title="bbox 142 181 775 252; baseline -0.002 -14"><span class='ocrx_word' id='word_1_1' title='bbox 142 186 209 252; x_wconf 79' lang='lat'><strong><em>328</em></strong></span> <span class='ocrx_word' id='word_1_2' title='bbox 516 185 717 237; x_wconf 68' lang='grc' dir='ltr'><strong><em>Στοαοτοα</em></strong></span> <span class='ocrx_word' id='word_1_3' title='bbox 736 181 775 252; x_wconf 79' lang='grc' dir='ltr'><strong><em>η’.</em></strong></span> 
     </span>
    </p>
   </div>
   <div class='ocr_carea' id='block_1_2' title="bbox 142 323 1159 525">
    <p class='ocr_par' dir='ltr' id='par_1_2' title="bbox 142 323 1159 525">
     <span class='ocr_line' id='line_1_2' title="bbox 143 323 1159 415; baseline -0.004 -18"><span class='ocrx_word' id='word_1_4' title='bbox 143 328 298 409; x_wconf 79' lang='grc' dir='ltr'><strong><em>ἐπίπεδός</em></strong></span> <span class='ocrx_word' id='word_1_5' title='bbox 321 331 404 408; x_wconf 81' lang='grc' dir='ltr'><strong><em>ἐστι,</em></strong></span> <span class='ocrx_word' id='word_1_6' title='bbox 434 328 573 415; x_wconf 81' lang='grc' dir='ltr'><strong><em>πλευραὶ</em></strong></span> <span class='ocrx_word' id='word_1_7' title='bbox 600 327 639 394; x_wconf 72' lang='grc' dir='ltr'><strong><em>δὲ</em></strong></span> <span class='ocrx_word' id='word_1_8' title='bbox 662 323 767 395; x_wconf 77' lang='grc' dir='ltr'><strong><em>αὐτοῦ</em></strong></span> <span class='ocrx_word' id='word_1_9' title='bbox 795 329 881 395; x_wconf 80' lang='grc' dir='ltr'><strong><em>εἰσιν</em></strong></span> <span class='ocrx_word' id='word_1_10' title='bbox 911 331 949 394; x_wconf 81' lang='lat' dir='ltr'><strong><em>oc</em></strong></span> <span class='ocrx_word' id='word_1_11' title='bbox 973 335 1023 415; x_wconf 83' lang='lat' dir='ltr'><strong><em>E,</em></strong></span> <span class='ocrx_word' id='word_1_12' title='bbox 1042 335 1086 396; x_wconf 90' lang='grc' dir='ltr'><strong><em>Η.</em></strong></span> <span class='ocrx_word' id='word_1_13' title='bbox 1128 329 1159 395; x_wconf 79' lang='grc' dir='ltr'><strong><em>ολ</em></strong></span> 
     </span>
     <span class='ocr_line' id='line_1_3' title="bbox 142 431 1153 525; baseline -0.004 -22"><span class='ocrx_word' id='word_1_14' title='bbox 142 443 232 521; x_wconf 87' lang='grc' dir='ltr'><strong><em>Λ,Β</em></strong></span> <span class='ocrx_word' id='word_1_15' title='bbox 256 433 322 525; x_wconf 85' lang='grc' dir='ltr'><strong><em>ἀρα</em></strong></span> <span class='ocrx_word' id='word_1_16' title='bbox 347 438 498 504; x_wconf 78' lang='grc' dir='ltr'><strong><em>ἐπίπεδοί</em></strong></span> <span class='ocrx_word' id='word_1_17' title='bbox 518 437 605 502; x_wconf 77' lang='grc' dir='ltr'><strong><em>εἰσιν</em></strong></span> <span class='ocrx_word' id='word_1_18' title='bbox 628 431 779 522; x_wconf 86' lang='grc' dir='ltr'><strong><em>ἀριθμοί.</em></strong></span> <span class='ocrx_word' id='word_1_19' title='bbox 824 435 910 520; x_wconf 75' lang='grc' dir='ltr'><strong><em>λέγω</em></strong></span> <span class='ocrx_word' id='word_1_20' title='bbox 937 433 999 521; x_wconf 74' lang='grc' dir='ltr'><strong><em>δή,</em></strong></span> <span class='ocrx_word' id='word_1_21' title='bbox 1030 435 1083 503; x_wconf 84' lang='grc' dir='ltr'><strong><em>ὅτι</em></strong></span> <span class='ocrx_word' id='word_1_22' title='bbox 1104 433 1153 501; x_wconf 80' lang='grc' dir='ltr'><strong><em>καὶ</em></strong></span> 
     </span>
    </p>
   </div>
   <div class='ocr_carea' id='block_1_3' title="bbox 90 538 1152 1800">
    <p class='ocr_par' dir='ltr' id='par_1_3' title="bbox 142 538 1151 736">
     <span class='ocr_line' id='line_1_4' title="bbox 144 538 1151 631; baseline -0.005 -20"><span class='ocrx_word' id='word_1_23' title='bbox 144 540 263 630; x_wconf 82' lang='grc' dir='ltr'><strong><em>ὅμοιοι.</em></strong></span> <span class='ocrx_word' id='word_1_24' title='bbox 301 543 370 611; x_wconf 80' lang='grc' dir='ltr'><strong><em>ἐπεὶ</em></strong></span> <span class='ocrx_word' id='word_1_25' title='bbox 389 541 458 631; x_wconf 81' lang='grc' dir='ltr'><strong><em>’νάρ</em></strong></span> <span class='ocrx_word' id='word_1_26' title='bbox 482 540 499 609; x_wconf 95' lang='lat'><em>6</em></span> <span class='ocrx_word' id='word_1_27' title='bbox 521 547 549 607; x_wconf 95' lang='grc' dir='ltr'><strong><em>Ζ</em></strong></span> <span class='ocrx_word' id='word_1_28' title='bbox 571 539 631 608; x_wconf 90' lang='grc' dir='ltr'><strong><em>τὸν</em></strong></span> <span class='ocrx_word' id='word_1_29' title='bbox 650 541 711 627; x_wconf 71' lang='grc' dir='ltr'><strong><em>μὲν</em></strong></span> <span class='ocrx_word' id='word_1_30' title='bbox 732 549 765 607; x_wconf 93' lang='lat' dir='ltr'><em>A</em></span> <span class='ocrx_word' id='word_1_31' title='bbox 783 539 1085 620; x_wconf 76' lang='grc' dir='ltr'><strong><em>πολλαπλασιάσας</em></strong></span> <span class='ocrx_word' id='word_1_32' title='bbox 1100 538 1151 607; x_wconf 84' lang='grc' dir='ltr'><strong><em>τὸν</em></strong></span> 
     </span>
     <span class='ocr_line' id='line_1_5' title="bbox 142 647 1150 736; baseline -0.004 -20"><span class='ocrx_word' id='word_1_33' title='bbox 142 658 175 716; x_wconf 93' lang='lat' dir='ltr'><em>A</em></span> <span class='ocrx_word' id='word_1_34' title='bbox 202 655 395 736; x_wconf 84' lang='grc' dir='ltr'><strong><em>πεποίηκεν,</em></strong></span> <span class='ocrx_word' id='word_1_35' title='bbox 422 648 483 717; x_wconf 85' lang='grc' dir='ltr'><strong><em>τὸν</em></strong></span> <span class='ocrx_word' id='word_1_36' title='bbox 511 648 549 715; x_wconf 75' lang='grc' dir='ltr'><strong><em>θλ</em></strong></span> <span class='ocrx_word' id='word_1_37' title='bbox 576 654 608 713; x_wconf 87' lang='grc' dir='ltr'><em>Ε</em></span> <span class='ocrx_word' id='word_1_38' title='bbox 637 647 932 727; x_wconf 73' lang='grc' dir='ltr'><strong><em>πολλαπλασιάσας</em></strong></span> <span class='ocrx_word' id='word_1_39' title='bbox 959 647 1024 716; x_wconf 91' lang='grc' dir='ltr'><strong><em>τὸν</em></strong></span> <span class='ocrx_word' id='word_1_40' title='bbox 1053 652 1085 715; x_wconf 93' lang='grc' dir='ltr'><strong><em>Γ</em></strong></span> <span class='ocrx_word' id='word_1_41' title='bbox 1104 670 1150 713; x_wconf 83' lang='grc' dir='ltr'><strong><em>πε-</em></strong></span> 
     </span>
    </p>

    <p class='ocr_par' dir='ltr' id='par_1_4' title="bbox 107 751 1152 1269">
     <span class='ocr_line' id='line_1_6' title="bbox 107 751 1150 843; baseline -0.004 -21"><span class='ocrx_word' id='word_1_42' title='bbox 107 762 295 843; x_wconf 82' lang='grc' dir='ltr'><strong><em>οποίηκεν,</em></strong></span> <span class='ocrx_word' id='word_1_43' title='bbox 327 760 417 823; x_wconf 79' lang='grc' dir='ltr'><strong><em>ἔστιν</em></strong></span> <span class='ocrx_word' id='word_1_44' title='bbox 449 753 515 840; x_wconf 87' lang='grc' dir='ltr'><strong><em>άρα</em></strong></span> <span class='ocrx_word' id='word_1_45' title='bbox 543 754 589 833; x_wconf 82' lang='grc' dir='ltr'><strong><em>ὡς</em></strong></span> <span class='ocrx_word' id='word_1_46' title='bbox 617 754 634 821; x_wconf 98' lang='lat'><em>6</em></span> <span class='ocrx_word' id='word_1_47' title='bbox 667 763 698 822; x_wconf 97' lang='lat' dir='ltr'><em>A</em></span> <span class='ocrx_word' id='word_1_48' title='bbox 725 752 809 842; x_wconf 89' lang='grc' dir='ltr'><strong><em>πρὸς</em></strong></span> <span class='ocrx_word' id='word_1_49' title='bbox 835 752 896 821; x_wconf 85' lang='grc' dir='ltr'><strong><em>τὸν</em></strong></span> <span class='ocrx_word' id='word_1_50' title='bbox 925 761 972 839; x_wconf 98' lang='grc' dir='ltr'><strong><em>Ε,</em></strong></span> <span class='ocrx_word' id='word_1_51' title='bbox 1006 751 1150 832; x_wconf 76' lang='grc' dir='ltr'><strong><em>οὗτοςο</em></strong></span> 
     </span>
     <span class='ocr_line' id='line_1_7' title="bbox 142 845 1152 951; baseline -0.005 -20"><span class='ocrx_word' id='word_1_52' title='bbox 142 873 174 931; x_wconf 90' lang='lat' dir='ltr'><em>A</em></span> <span class='ocrx_word' id='word_1_53' title='bbox 201 862 285 951; x_wconf 86' lang='grc' dir='ltr'><strong><em>πρὸς</em></strong></span> <span class='ocrx_word' id='word_1_54' title='bbox 311 861 371 930; x_wconf 85' lang='grc' dir='ltr'><strong><em>τὸν</em></strong></span> <span class='ocrx_word' id='word_1_55' title='bbox 400 867 442 946; x_wconf 88' lang='grc' dir='ltr'><strong><em>Γ,</em></strong></span> <span class='ocrx_word' id='word_1_56' title='bbox 469 863 640 929; x_wconf 76' lang='grc' dir='ltr'><strong><em>τουτέστιν</em></strong></span> <span class='ocrx_word' id='word_1_57' title='bbox 668 861 686 928; x_wconf 90' lang='lat'><em>6</em></span> <span class='ocrx_word' id='word_1_58' title='bbox 716 868 748 930; x_wconf 93' lang='grc' dir='ltr'>Γ</span> <span class='ocrx_word' id='word_1_59' title='bbox 771 860 855 948; x_wconf 86' lang='grc' dir='ltr'><strong><em>πρὸς</em></strong></span> <span class='ocrx_word' id='word_1_60' title='bbox 876 845 939 927; x_wconf 83' lang='grc' dir='ltr'><strong><em>τὸν</em></strong></span> <span class='ocrx_word' id='word_1_61' title='bbox 963 867 1002 928; x_wconf 90' lang='grc' dir='ltr'><strong><em>Β.</em></strong></span> <span class='ocrx_word' id='word_1_62' title='bbox 1051 859 1152 943; x_wconf 83' lang='grc' dir='ltr'><strong><em>πάλιν,</em></strong></span> 
     </span>
     <span class='ocr_line' id='line_1_8' title="bbox 143 965 1150 1060; baseline -0.002 -24"><span class='ocrx_word' id='word_1_63' title='bbox 143 970 212 1037; x_wconf 80' lang='grc' dir='ltr'><strong><em>ἐπεὶ</em></strong></span> <span class='ocrx_word' id='word_1_64' title='bbox 241 969 258 1036; x_wconf 91' lang='lat'><em>6</em></span> <span class='ocrx_word' id='word_1_65' title='bbox 289 975 319 1036; x_wconf 82' lang='grc' dir='ltr'><strong><em>Ε</em></strong></span> <span class='ocrx_word' id='word_1_66' title='bbox 346 968 504 1060; x_wconf 64' lang='grc' dir='ltr'><strong><em>ἑκάτερον</em></strong></span> <span class='ocrx_word' id='word_1_67' title='bbox 531 971 600 1036; x_wconf 77' lang='grc' dir='ltr'><strong><em>τῶν</em></strong></span> <span class='ocrx_word' id='word_1_68' title='bbox 629 975 673 1053; x_wconf 93' lang='grc' dir='ltr'><strong><em>Ζ,</em></strong></span> <span class='ocrx_word' id='word_1_69' title='bbox 691 975 733 1036; x_wconf 89' lang='lat' dir='ltr'><em>H</em></span> <span class='ocrx_word' id='word_1_70' title='bbox 754 966 1057 1046; x_wconf 78' lang='grc' dir='ltr'><strong><em>πολλαπλασιάσας</em></strong></span> <span class='ocrx_word' id='word_1_71' title='bbox 1082 965 1150 1044; x_wconf 78' lang='grc' dir='ltr'><strong><em>τοὺς</em></strong></span> 
     </span>
     <span class='ocr_line' id='line_1_9' title="bbox 143 1069 1149 1163; baseline -0.005 -19"><span class='ocrx_word' id='word_1_72' title='bbox 143 1082 181 1161; x_wconf 89' lang='grc' dir='ltr'><strong><em>Γ,</em></strong></span> <span class='ocrx_word' id='word_1_73' title='bbox 204 1082 233 1143; x_wconf 88' lang='grc' dir='ltr'><em>Β</em></span> <span class='ocrx_word' id='word_1_74' title='bbox 256 1083 451 1161; x_wconf 79' lang='grc' dir='ltr'><strong><em>πεποίηκεν,</em></strong></span> <span class='ocrx_word' id='word_1_75' title='bbox 475 1079 565 1142; x_wconf 81' lang='grc' dir='ltr'><strong><em>ἔστιν</em></strong></span> <span class='ocrx_word' id='word_1_76' title='bbox 588 1072 653 1160; x_wconf 86' lang='grc' dir='ltr'><strong><em>ἀρα</em></strong></span> <span class='ocrx_word' id='word_1_77' title='bbox 677 1074 722 1155; x_wconf 82' lang='grc' dir='ltr'><strong><em>ὡς</em></strong></span> <span class='ocrx_word' id='word_1_78' title='bbox 746 1103 763 1143; x_wconf 95' lang='grc' dir='ltr'><strong><em>ο</em></strong></span> <span class='ocrx_word' id='word_1_79' title='bbox 790 1082 816 1142; x_wconf 92' lang='grc' dir='ltr'>Ζ</span> <span class='ocrx_word' id='word_1_80' title='bbox 839 1073 924 1163; x_wconf 88' lang='grc' dir='ltr'><strong><em>πρὸς</em></strong></span> <span class='ocrx_word' id='word_1_81' title='bbox 946 1071 1012 1142; x_wconf 84' lang='grc' dir='ltr'><strong><em>τὸν</em></strong></span> <span class='ocrx_word' id='word_1_82' title='bbox 1035 1079 1081 1159; x_wconf 86' lang='grc' dir='ltr'><strong><em>Η,</em></strong></span> <span class='ocrx_word' id='word_1_83' title='bbox 1103 1069 1149 1140; x_wconf 69' lang='lat'><em>06</em></span> 
     </span>
     <span class='ocr_line' id='line_1_10' title="bbox 142 1178 1150 1269; baseline -0.002 -19"><span class='ocrx_word' id='word_1_84' title='bbox 142 1181 243 1262; x_wconf 82' lang='grc' dir='ltr'><strong><em>τωςὸ</em></strong></span> <span class='ocrx_word' id='word_1_85' title='bbox 269 1179 398 1268; x_wconf 89' lang='grc' dir='ltr'><strong><em>Γπρὸς</em></strong></span> <span class='ocrx_word' id='word_1_86' title='bbox 419 1179 481 1248; x_wconf 90' lang='grc' dir='ltr'><strong><em>τὸν</em></strong></span> <span class='ocrx_word' id='word_1_87' title='bbox 504 1187 542 1247; x_wconf 92' lang='grc' dir='ltr'><strong><em>Β.</em></strong></span> <span class='ocrx_word' id='word_1_88' title='bbox 578 1180 625 1260; x_wconf 80' lang='grc' dir='ltr'><strong><em>ὡς</em></strong></span> <span class='ocrx_word' id='word_1_89' title='bbox 647 1181 685 1248; x_wconf 72' lang='grc' dir='ltr'><strong><em>δὲ</em></strong></span> <span class='ocrx_word' id='word_1_90' title='bbox 708 1180 725 1248; x_wconf 93' lang='lat'><em>6</em></span> <span class='ocrx_word' id='word_1_91' title='bbox 752 1185 785 1248; x_wconf 92' lang='grc' dir='ltr'>Γ</span> <span class='ocrx_word' id='word_1_92' title='bbox 801 1179 885 1269; x_wconf 87' lang='grc' dir='ltr'><strong><em>πρὸς</em></strong></span> <span class='ocrx_word' id='word_1_93' title='bbox 906 1178 969 1248; x_wconf 85' lang='grc' dir='ltr'><strong><em>τὸν</em></strong></span> <span class='ocrx_word' id='word_1_94' title='bbox 989 1187 1033 1265; x_wconf 88' lang='grc' dir='ltr'><strong><em>Β,</em></strong></span> <span class='ocrx_word' id='word_1_95' title='bbox 1058 1178 1150 1256; x_wconf 75' lang='grc' dir='ltr'><strong><em>οὗτος</em></strong></span> 
     </span>
    </p>

    <p class='ocr_par' dir='ltr' id='par_1_5' title="bbox 90 1281 1149 1800">
     <span class='ocr_line' id='line_1_11' title="bbox 90 1281 1149 1375; baseline -0.003 -22"><span class='ocrx_word' id='word_1_96' title='bbox 90 1289 160 1356; x_wconf 91' lang='lat'><em>106</em></span> <span class='ocrx_word' id='word_1_97' title='bbox 188 1296 221 1354; x_wconf 92' lang='lat' dir='ltr'><em>A</em></span> <span class='ocrx_word' id='word_1_98' title='bbox 243 1287 327 1375; x_wconf 84' lang='grc' dir='ltr'><strong><em>πρὸς</em></strong></span> <span class='ocrx_word' id='word_1_99' title='bbox 349 1286 409 1355; x_wconf 89' lang='grc' dir='ltr'><strong><em>τὸν</em></strong></span> <span class='ocrx_word' id='word_1_100' title='bbox 433 1294 475 1354; x_wconf 88' lang='grc' dir='ltr'><strong><em>Ε·</em></strong></span> <span class='ocrx_word' id='word_1_101' title='bbox 502 1287 558 1354; x_wconf 80' lang='grc' dir='ltr'><strong><em>καὶ</em></strong></span> <span class='ocrx_word' id='word_1_102' title='bbox 582 1287 628 1367; x_wconf 84' lang='grc' dir='ltr'><strong><em>ὡς</em></strong></span> <span class='ocrx_word' id='word_1_103' title='bbox 651 1286 717 1372; x_wconf 84' lang='grc' dir='ltr'><strong><em>ἀρα</em></strong></span> <span class='ocrx_word' id='word_1_104' title='bbox 741 1286 759 1354; x_wconf 93' lang='lat'><em>6</em></span> <span class='ocrx_word' id='word_1_105' title='bbox 785 1296 818 1354; x_wconf 87' lang='lat' dir='ltr'><em>A</em></span> <span class='ocrx_word' id='word_1_106' title='bbox 839 1286 924 1375; x_wconf 84' lang='grc' dir='ltr'><strong><em>πρὸς</em></strong></span> <span class='ocrx_word' id='word_1_107' title='bbox 946 1284 1013 1356; x_wconf 87' lang='grc' dir='ltr'><strong><em>τὸν</em></strong></span> <span class='ocrx_word' id='word_1_108' title='bbox 1040 1294 1083 1372; x_wconf 88' lang='lat' dir='ltr'><strong><em>E,</em></strong></span> <span class='ocrx_word' id='word_1_109' title='bbox 1105 1281 1149 1352; x_wconf 67' lang='grc' dir='ltr'><strong><em>οἷν</em></strong></span> 
     </span>
     <span class='ocr_line' id='line_1_12' title="bbox 142 1387 1148 1482; baseline -0.008 -18"><span class='ocrx_word' id='word_1_110' title='bbox 142 1423 206 1476; x_wconf 87' lang='grc' dir='ltr'><strong><em>τως</em></strong></span> <span class='ocrx_word' id='word_1_111' title='bbox 239 1394 256 1462; x_wconf 94' lang='lat'><em>6</em></span> <span class='ocrx_word' id='word_1_112' title='bbox 287 1401 314 1461; x_wconf 92' lang='lat' dir='ltr'><strong>Z</strong></span> <span class='ocrx_word' id='word_1_113' title='bbox 341 1392 425 1482; x_wconf 84' lang='grc' dir='ltr'><strong><em>πρὸς</em></strong></span> <span class='ocrx_word' id='word_1_114' title='bbox 452 1391 511 1462; x_wconf 84' lang='grc' dir='ltr'><strong><em>τὸν</em></strong></span> <span class='ocrx_word' id='word_1_115' title='bbox 539 1400 581 1462; x_wconf 91' lang='grc' dir='ltr'><strong><em>Η.</em></strong></span> <span class='ocrx_word' id='word_1_116' title='bbox 627 1395 683 1462; x_wconf 81' lang='grc' dir='ltr'><strong><em>καὶ</em></strong></span> <span class='ocrx_word' id='word_1_117' title='bbox 712 1392 851 1474; x_wconf 82' lang='grc' dir='ltr'><strong><em>ἐναλλάξ</em></strong></span> <span class='ocrx_word' id='word_1_118' title='bbox 882 1393 928 1472; x_wconf 81' lang='grc' dir='ltr'><strong><em>ὡς</em></strong></span> <span class='ocrx_word' id='word_1_119' title='bbox 962 1421 979 1461; x_wconf 96' lang='grc' dir='ltr'><strong><em>ο</em></strong></span> <span class='ocrx_word' id='word_1_120' title='bbox 1014 1401 1047 1459; x_wconf 92' lang='grc' dir='ltr'><em>Δ</em></span> <span class='ocrx_word' id='word_1_121' title='bbox 1077 1387 1148 1478; x_wconf 86' lang='grc' dir='ltr'><strong><em>πρὸς</em></strong></span> 
     </span>
     <span class='ocr_line' id='line_1_13' title="bbox 143 1497 1146 1587; baseline -0.009 -17"><span class='ocrx_word' id='word_1_122' title='bbox 143 1502 203 1570; x_wconf 89' lang='grc' dir='ltr'><strong><em>τὸν</em></strong></span> <span class='ocrx_word' id='word_1_123' title='bbox 227 1508 265 1586; x_wconf 90' lang='grc' dir='ltr'><strong><em>Ζ,</em></strong></span> <span class='ocrx_word' id='word_1_124' title='bbox 289 1497 395 1579; x_wconf 76' lang='grc' dir='ltr'><strong><em>οὕτως</em></strong></span> <span class='ocrx_word' id='word_1_125' title='bbox 418 1499 436 1568; x_wconf 93' lang='lat'><em>6</em></span> <span class='ocrx_word' id='word_1_126' title='bbox 462 1508 494 1566; x_wconf 88' lang='grc' dir='ltr'><em>Ε</em></span> <span class='ocrx_word' id='word_1_127' title='bbox 514 1500 598 1585; x_wconf 83' lang='grc' dir='ltr'><strong><em>πρὸς</em></strong></span> <span class='ocrx_word' id='word_1_128' title='bbox 620 1499 680 1570; x_wconf 83' lang='grc' dir='ltr'><strong><em>τὸν</em></strong></span> <span class='ocrx_word' id='word_1_129' title='bbox 703 1507 746 1568; x_wconf 90' lang='grc' dir='ltr'><strong><em>Η.</em></strong></span> <span class='ocrx_word' id='word_1_130' title='bbox 784 1506 816 1567; x_wconf 80' lang='grc' dir='ltr'><strong><em>ολ</em></strong></span> <span class='ocrx_word' id='word_1_131' title='bbox 839 1509 882 1584; x_wconf 98' lang='lat' dir='ltr'><em>A,</em></span> <span class='ocrx_word' id='word_1_132' title='bbox 900 1505 929 1565; x_wconf 90' lang='grc' dir='ltr'><strong><em>Β</em></strong></span> <span class='ocrx_word' id='word_1_133' title='bbox 954 1497 1023 1587; x_wconf 84' lang='grc' dir='ltr'><strong><em>ἀρα</em></strong></span> <span class='ocrx_word' id='word_1_134' title='bbox 1047 1498 1146 1584; x_wconf 89' lang='grc' dir='ltr'><strong><em>ὅμοιοι</em></strong></span> 
     </span>
     <span class='ocr_line' id='line_1_14' title="bbox 144 1600 1146 1694; baseline -0.008 -19"><span class='ocrx_word' id='word_1_135' title='bbox 144 1610 293 1676; x_wconf 73' lang='grc' dir='ltr'><strong><em>ἐπίπεδοι</em></strong></span> <span class='ocrx_word' id='word_1_136' title='bbox 320 1602 466 1694; x_wconf 86' lang='grc' dir='ltr'><strong><em>ἀριθμοί</em></strong></span> <span class='ocrx_word' id='word_1_137' title='bbox 491 1609 591 1674; x_wconf 73' lang='grc' dir='ltr'><strong><em>εἰσιν·</em></strong></span> <span class='ocrx_word' id='word_1_138' title='bbox 619 1610 658 1673; x_wconf 77' lang='grc' dir='ltr'><strong><em>αἱ</em></strong></span> <span class='ocrx_word' id='word_1_139' title='bbox 683 1605 747 1694; x_wconf 77' lang='grc' dir='ltr'><strong><em>γάρ</em></strong></span> <span class='ocrx_word' id='word_1_140' title='bbox 774 1605 914 1693; x_wconf 80' lang='grc' dir='ltr'><strong><em>πλευραὶ</em></strong></span> <span class='ocrx_word' id='word_1_141' title='bbox 939 1602 1054 1672; x_wconf 80' lang='grc' dir='ltr'><strong><em>αὐτῶν</em></strong></span> <span class='ocrx_word' id='word_1_142' title='bbox 1077 1600 1146 1670; x_wconf 88' lang='grc' dir='ltr'><strong><em>ἀνά-</em></strong></span> 
     </span>
     <span class='ocr_line' id='line_1_15' title="bbox 144 1711 710 1800; baseline 0 -18"><span class='ocrx_word' id='word_1_143' title='bbox 144 1711 250 1800; x_wconf 77' lang='grc' dir='ltr'><strong><em>λογόν</em></strong></span> <span class='ocrx_word' id='word_1_144' title='bbox 273 1716 371 1780; x_wconf 79' lang='grc' dir='ltr'><strong><em>εἰσιν·</em></strong></span> <span class='ocrx_word' id='word_1_145' title='bbox 396 1711 476 1800; x_wconf 80' lang='grc' dir='ltr'><strong><em>ὅπερ</em></strong></span> <span class='ocrx_word' id='word_1_146' title='bbox 502 1715 570 1778; x_wconf 75' lang='grc' dir='ltr'><strong><em>ἔδει</em></strong></span> <span class='ocrx_word' id='word_1_147' title='bbox 594 1715 710 1793; x_wconf 78' lang='grc' dir='ltr'><strong><em>δεῖξαι.</em></strong></span> 
     </span>
    </p>
   </div>
   <div class='ocr_carea' id='block_1_4' title="bbox 92 1934 1156 3465">
    <p class='ocr_par' dir='ltr' id='par_1_6' title="bbox 93 1934 687 1983">
     <span class='ocr_line' id='line_1_16' title="bbox 93 1934 687 1983; baseline -0.015 0"><span class='ocrx_word' id='word_1_148' title='bbox 93 1934 126 1983; x_wconf 79' lang='lat'><strong><em>15</em></strong></span> <span class='ocrx_word' id='word_1_149' title='bbox 622 1934 687 1974; x_wconf 87' lang='grc' dir='ltr'><strong><em>κα.</em></strong></span> 
     </span>
    </p>

    <p class='ocr_par' dir='ltr' id='par_1_7' title="bbox 145 2030 1151 2333">
     <span class='ocr_line' id='line_1_17' title="bbox 208 2030 1150 2119; baseline -0.004 -19"><span class='ocrx_word' id='word_1_150' title='bbox 208 2030 296 2101; x_wconf 86' lang='grc' dir='ltr'><strong><em>Ἐἀν</em></strong></span> <span class='ocrx_word' id='word_1_151' title='bbox 320 2032 391 2101; x_wconf 84' lang='lat'><strong><em>660</em></strong></span> <span class='ocrx_word' id='word_1_152' title='bbox 416 2030 601 2119; x_wconf 76' lang='grc' dir='ltr'><strong><em>ἀριθμῶν</em></strong></span> <span class='ocrx_word' id='word_1_153' title='bbox 624 2032 697 2100; x_wconf 79' lang='grc' dir='ltr'><strong><em>δύο</em></strong></span> <span class='ocrx_word' id='word_1_154' title='bbox 727 2034 837 2119; x_wconf 81' lang='grc' dir='ltr'><strong><em>μέσοι</em></strong></span> <span class='ocrx_word' id='word_1_155' title='bbox 866 2030 1071 2116; x_wconf 78' lang='grc' dir='ltr'><strong><em>ἀνάλογον</em></strong></span> <span class='ocrx_word' id='word_1_156' title='bbox 1098 2031 1150 2114; x_wconf 83' lang='grc' dir='ltr'><strong><em>έμ-</em></strong></span> 
     </span>
     <span class='ocr_line' id='line_1_18' title="bbox 145 2135 1151 2226; baseline -0.009 -19"><span class='ocrx_word' id='word_1_157' title='bbox 145 2135 341 2207; x_wconf 75' lang='grc' dir='ltr'><strong><em>πίπτοοσιν</em></strong></span> <span class='ocrx_word' id='word_1_158' title='bbox 378 2138 562 2226; x_wconf 87' lang='grc' dir='ltr'><strong><em>ἀριθμοί,</em></strong></span> <span class='ocrx_word' id='word_1_159' title='bbox 605 2137 740 2225; x_wconf 87' lang='grc' dir='ltr'><strong><em>ὅμοιοι</em></strong></span> <span class='ocrx_word' id='word_1_160' title='bbox 779 2144 937 2224; x_wconf 82' lang='grc' dir='ltr'><strong><em>στερεοί</em></strong></span> <span class='ocrx_word' id='word_1_161' title='bbox 976 2142 1080 2206; x_wconf 80' lang='grc' dir='ltr'><strong><em>εἰσιν</em></strong></span> <span class='ocrx_word' id='word_1_162' title='bbox 1119 2135 1151 2202; x_wconf 78' lang='grc' dir='ltr'><strong><em>οἱ</em></strong></span> 
     </span>
     <span class='ocr_line' id='line_1_19' title="bbox 145 2246 321 2333; baseline -0.011 -19"><span class='ocrx_word' id='word_1_163' title='bbox 145 2246 321 2333; x_wconf 84' lang='grc' dir='ltr'><strong><em>ἀριθμοί.</em></strong></span> 
     </span>
    </p>

    <p class='ocr_par' dir='ltr' id='par_1_8' title="bbox 213 2346 1149 2439">
     <span class='ocr_line' id='line_1_20' title="bbox 213 2346 1149 2439; baseline -0.004 -21"><span class='ocrx_word' id='word_1_164' title='bbox 213 2351 288 2418; x_wconf 85' lang='grc' dir='ltr'><strong><em>Δύο</em></strong></span> <span class='ocrx_word' id='word_1_165' title='bbox 311 2350 378 2439; x_wconf 76' lang='grc' dir='ltr'><strong><em>γάρ</em></strong></span> <span class='ocrx_word' id='word_1_166' title='bbox 402 2348 561 2437; x_wconf 77' lang='grc' dir='ltr'><strong><em>ἀριθμῶν</em></strong></span> <span class='ocrx_word' id='word_1_167' title='bbox 579 2356 646 2418; x_wconf 77' lang='grc' dir='ltr'><strong><em>τῶν</em></strong></span> <span class='ocrx_word' id='word_1_168' title='bbox 670 2361 712 2436; x_wconf 90' lang='lat' dir='ltr'><em>A,</em></span> <span class='ocrx_word' id='word_1_169' title='bbox 732 2359 761 2419; x_wconf 89' lang='grc' dir='ltr'><strong><em>Β</em></strong></span> <span class='ocrx_word' id='word_1_170' title='bbox 785 2351 847 2418; x_wconf 89' lang='lat'><strong><em>660</em></strong></span> <span class='ocrx_word' id='word_1_171' title='bbox 871 2351 967 2436; x_wconf 89' lang='grc' dir='ltr'><strong><em>μέσοι</em></strong></span> <span class='ocrx_word' id='word_1_172' title='bbox 986 2346 1149 2434; x_wconf 77' lang='grc' dir='ltr'><strong><em>ἀνάλογον</em></strong></span> 
     </span>
    </p>

    <p class='ocr_par' dir='ltr' id='par_1_9' title="bbox 94 2454 1152 2653">
     <span class='ocr_line' id='line_1_21' title="bbox 94 2454 1152 2545; baseline -0.011 -14"><span class='ocrx_word' id='word_1_173' title='bbox 94 2482 128 2531; x_wconf 79' lang='lat'><strong><em>20</em></strong></span> <span class='ocrx_word' id='word_1_174' title='bbox 149 2459 396 2545; x_wconf 81' lang='grc' dir='ltr'><strong><em>ἐμπιπτέτωσαν</em></strong></span> <span class='ocrx_word' id='word_1_175' title='bbox 425 2454 564 2542; x_wconf 81' lang='grc' dir='ltr'><strong><em>ἀριθμοὶ</em></strong></span> <span class='ocrx_word' id='word_1_176' title='bbox 594 2461 628 2523; x_wconf 75' lang='grc' dir='ltr'><strong><em>οἱ</em></strong></span> <span class='ocrx_word' id='word_1_177' title='bbox 655 2463 697 2541; x_wconf 86' lang='grc' dir='ltr'><strong><em>Γ,</em></strong></span> <span class='ocrx_word' id='word_1_178' title='bbox 718 2467 764 2523; x_wconf 89' lang='lat' dir='ltr'><strong><em>A·</em></strong></span> <span class='ocrx_word' id='word_1_179' title='bbox 792 2457 890 2542; x_wconf 81' lang='grc' dir='ltr'><strong><em>λέγω,</em></strong></span> <span class='ocrx_word' id='word_1_180' title='bbox 921 2454 972 2523; x_wconf 85' lang='grc' dir='ltr'><strong><em>ὅτι</em></strong></span> <span class='ocrx_word' id='word_1_181' title='bbox 1004 2460 1040 2523; x_wconf 82' lang='grc' dir='ltr'><strong><em>ολ</em></strong></span> <span class='ocrx_word' id='word_1_182' title='bbox 1067 2459 1152 2532; x_wconf 66' lang='lat' dir='ltr'><em>AB</em></span> 
     </span>
     <span class='ocr_line' id='line_1_22' title="bbox 146 2564 531 2653; baseline -0.008 -20"><span class='ocrx_word' id='word_1_183' title='bbox 146 2564 258 2653; x_wconf 82' lang='grc' dir='ltr'><strong><em>ὅμοιοι</em></strong></span> <span class='ocrx_word' id='word_1_184' title='bbox 282 2568 415 2650; x_wconf 83' lang='grc' dir='ltr'><strong><em>στερεοί</em></strong></span> <span class='ocrx_word' id='word_1_185' title='bbox 436 2567 531 2630; x_wconf 82' lang='grc' dir='ltr'><strong><em>εἰσιν.</em></strong></span> 
     </span>
    </p>

    <p class='ocr_par' dir='ltr' id='par_1_10' title="bbox 145 2664 1154 2971">
     <span class='ocr_line' id='line_1_23' title="bbox 213 2664 1153 2757; baseline -0.004 -19"><span class='ocrx_word' id='word_1_186' title='bbox 213 2671 445 2757; x_wconf 78' lang='grc' dir='ltr'><strong><em>Εἰλήφθωσαν</em></strong></span> <span class='ocrx_word' id='word_1_187' title='bbox 473 2667 537 2756; x_wconf 78' lang='grc' dir='ltr'><strong><em>γάρ</em></strong></span> <span class='ocrx_word' id='word_1_188' title='bbox 561 2669 727 2755; x_wconf 81' lang='grc' dir='ltr'><strong><em>ἐλάχιστοι</em></strong></span> <span class='ocrx_word' id='word_1_189' title='bbox 750 2667 891 2756; x_wconf 83' lang='grc' dir='ltr'><strong><em>ἀριθμοὶ</em></strong></span> <span class='ocrx_word' id='word_1_190' title='bbox 913 2672 982 2737; x_wconf 76' lang='grc' dir='ltr'><strong><em>τῶν</em></strong></span> <span class='ocrx_word' id='word_1_191' title='bbox 1013 2668 1075 2737; x_wconf 87' lang='grc' dir='ltr'><strong><em>τὸν</em></strong></span> <span class='ocrx_word' id='word_1_192' title='bbox 1103 2664 1153 2734; x_wconf 83' lang='lat'><strong><em>66-</em></strong></span> 
     </span>
     <span class='ocr_line' id='line_1_24' title="bbox 145 2775 1152 2863; baseline -0.003 -18"><span class='ocrx_word' id='word_1_193' title='bbox 145 2777 205 2845; x_wconf 87' lang='grc' dir='ltr'><strong><em>τὸν</em></strong></span> <span class='ocrx_word' id='word_1_194' title='bbox 233 2776 336 2862; x_wconf 77' lang='grc' dir='ltr'><strong><em>λόγον</em></strong></span> <span class='ocrx_word' id='word_1_195' title='bbox 365 2775 512 2862; x_wconf 84' lang='grc' dir='ltr'><strong><em>ἐχόντων</em></strong></span> <span class='ocrx_word' id='word_1_196' title='bbox 540 2789 610 2855; x_wconf 80' lang='grc' dir='ltr'><strong><em>τοῖς</em></strong></span> <span class='ocrx_word' id='word_1_197' title='bbox 632 2784 679 2863; x_wconf 92' lang='lat' dir='ltr'><em>A,</em></span> <span class='ocrx_word' id='word_1_198' title='bbox 699 2783 740 2860; x_wconf 92' lang='grc' dir='ltr'><strong><em>Γ,</em></strong></span> <span class='ocrx_word' id='word_1_199' title='bbox 760 2786 793 2842; x_wconf 92' lang='lat' dir='ltr'><em>A</em></span> <span class='ocrx_word' id='word_1_200' title='bbox 815 2789 902 2863; x_wconf 78' lang='grc' dir='ltr'><strong><em>τρεῖς</em></strong></span> <span class='ocrx_word' id='word_1_201' title='bbox 926 2778 961 2843; x_wconf 79' lang='grc' dir='ltr'><strong><em>ολ</em></strong></span> <span class='ocrx_word' id='word_1_202' title='bbox 984 2783 1028 2860; x_wconf 87' lang='grc' dir='ltr'><strong><em>Ε,</em></strong></span> <span class='ocrx_word' id='word_1_203' title='bbox 1050 2784 1090 2859; x_wconf 81' lang='grc' dir='ltr'><strong><em>Ζ,</em></strong></span> <span class='ocrx_word' id='word_1_204' title='bbox 1109 2781 1152 2842; x_wconf 92' lang='grc' dir='ltr'><strong><em>Η·</em></strong></span> 
     </span>
     <span class='ocr_line' id='line_1_25' title="bbox 147 2879 1154 2971; baseline 0 -22"><span class='ocrx_word' id='word_1_205' title='bbox 147 2887 182 2950; x_wconf 78' lang='lat'><em>06</em></span> <span class='ocrx_word' id='word_1_206' title='bbox 202 2881 267 2970; x_wconf 85' lang='grc' dir='ltr'><strong><em>ἀρα</em></strong></span> <span class='ocrx_word' id='word_1_207' title='bbox 290 2880 388 2966; x_wconf 81' lang='grc' dir='ltr'><strong><em>ἀκροι</em></strong></span> <span class='ocrx_word' id='word_1_208' title='bbox 417 2880 529 2949; x_wconf 75' lang='grc' dir='ltr'><strong><em>αὐτῶν</em></strong></span> <span class='ocrx_word' id='word_1_209' title='bbox 553 2885 587 2948; x_wconf 82' lang='grc' dir='ltr'><strong><em>ολ</em></strong></span> <span class='ocrx_word' id='word_1_210' title='bbox 609 2890 653 2968; x_wconf 90' lang='grc' dir='ltr'><strong><em>Ε,</em></strong></span> <span class='ocrx_word' id='word_1_211' title='bbox 672 2890 712 2950; x_wconf 92' lang='grc' dir='ltr'><strong><em>Η</em></strong></span> <span class='ocrx_word' id='word_1_212' title='bbox 730 2893 855 2971; x_wconf 78' lang='grc' dir='ltr'><strong><em>πρῶτοι</em></strong></span> <span class='ocrx_word' id='word_1_213' title='bbox 882 2881 965 2968; x_wconf 88' lang='grc' dir='ltr'><strong><em>πρὸς</em></strong></span> <span class='ocrx_word' id='word_1_214' title='bbox 993 2879 1154 2968; x_wconf 78' lang='grc' dir='ltr'><strong><em>ἀλλήλους</em></strong></span> 
     </span>
    </p>

    <p class='ocr_par' dir='ltr' id='par_1_11' title="bbox 92 2984 1154 3325">
     <span class='ocr_line' id='line_1_26' title="bbox 92 2984 1154 3074; baseline 0.001 -19"><span class='ocrx_word' id='word_1_215' title='bbox 92 3013 126 3062; x_wconf 81' lang='lat'><strong><em>25</em></strong></span> <span class='ocrx_word' id='word_1_216' title='bbox 149 2993 242 3057; x_wconf 77' lang='grc' dir='ltr'><strong><em>εἰσίν.</em></strong></span> <span class='ocrx_word' id='word_1_217' title='bbox 288 2988 343 3055; x_wconf 77' lang='grc' dir='ltr'><strong><em>καὶ</em></strong></span> <span class='ocrx_word' id='word_1_218' title='bbox 377 2989 446 3056; x_wconf 79' lang='grc' dir='ltr'><strong><em>ἐπεὶ</em></strong></span> <span class='ocrx_word' id='word_1_219' title='bbox 476 2992 544 3056; x_wconf 78' lang='grc' dir='ltr'><strong><em>τῶν</em></strong></span> <span class='ocrx_word' id='word_1_220' title='bbox 572 2996 616 3072; x_wconf 87' lang='grc' dir='ltr'><strong><em>Ε,</em></strong></span> <span class='ocrx_word' id='word_1_221' title='bbox 636 2997 675 3055; x_wconf 92' lang='grc' dir='ltr'>Η</span> <span class='ocrx_word' id='word_1_222' title='bbox 699 2984 745 3069; x_wconf 82' lang='grc' dir='ltr'><strong><em>εἷς</em></strong></span> <span class='ocrx_word' id='word_1_223' title='bbox 777 2989 876 3074; x_wconf 86' lang='grc' dir='ltr'><strong><em>μέσος</em></strong></span> <span class='ocrx_word' id='word_1_224' title='bbox 904 2985 1077 3073; x_wconf 81' lang='grc' dir='ltr'><strong><em>ἀνάλογον</em></strong></span> <span class='ocrx_word' id='word_1_225' title='bbox 1105 2991 1154 3073; x_wconf 85' lang='grc' dir='ltr'><strong><em>έμ-</em></strong></span> 
     </span>
     <span class='ocr_line' id='line_1_27' title="bbox 145 3091 1151 3181; baseline -0.004 -18"><span class='ocrx_word' id='word_1_226' title='bbox 145 3096 314 3163; x_wconf 85' lang='grc' dir='ltr'><strong><em>πέπτωκεν</em></strong></span> <span class='ocrx_word' id='word_1_227' title='bbox 337 3092 486 3181; x_wconf 86' lang='grc' dir='ltr'><strong><em>ἀριθμὸς</em></strong></span> <span class='ocrx_word' id='word_1_228' title='bbox 509 3094 527 3162; x_wconf 91' lang='lat'><em>6</em></span> <span class='ocrx_word' id='word_1_229' title='bbox 553 3102 595 3177; x_wconf 92' lang='lat' dir='ltr'><strong><em>Z,</em></strong></span> <span class='ocrx_word' id='word_1_230' title='bbox 621 3099 655 3161; x_wconf 77' lang='grc' dir='ltr'><strong><em>ολ</em></strong></span> <span class='ocrx_word' id='word_1_231' title='bbox 677 3104 716 3179; x_wconf 90' lang='grc' dir='ltr'><strong><em>Ε,</em></strong></span> <span class='ocrx_word' id='word_1_232' title='bbox 735 3101 774 3161; x_wconf 91' lang='grc' dir='ltr'>Η</span> <span class='ocrx_word' id='word_1_233' title='bbox 791 3093 857 3181; x_wconf 86' lang='grc' dir='ltr'><strong><em>ἀρα</em></strong></span> <span class='ocrx_word' id='word_1_234' title='bbox 881 3091 1023 3181; x_wconf 82' lang='grc' dir='ltr'><strong><em>ἀριθμοὶ</em></strong></span> <span class='ocrx_word' id='word_1_235' title='bbox 1044 3093 1151 3181; x_wconf 83' lang='grc' dir='ltr'><strong><em>ὅμοιοι</em></strong></span> 
     </span>
     <span class='ocr_line' id='line_1_28' title="bbox 218 3250 1154 3340; baseline -0.002 -31.901"><span class='ocrx_word' id='word_1_236' title='bbox 218 3252 440 3340; x_wconf 63' lang='lat' dir='ltr'><em>Lssnlns6oc]</em></span> <span class='ocrx_word' id='word_1_237' title='bbox 432 3273 460 3308; x_wconf 90' lang='lat' dir='ltr'><strong><em>1n</em></strong></span> <span class='ocrx_word' id='word_1_238' title='bbox 479 3271 532 3308; x_wconf 77' lang='lat' dir='ltr'><strong><em>ras,</em></strong></span> <span class='ocrx_word' id='word_1_239' title='bbox 550 3276 580 3323; x_wconf 85' lang='grc' dir='ltr'><strong><em>φ.</em></strong></span> <span class='ocrx_word' id='word_1_240' title='bbox 653 3262 677 3309; x_wconf 90' lang='grc'><strong><em>3.</em></strong></span> <span class='ocrx_word' id='word_1_241' title='bbox 699 3250 809 3309; x_wconf 78' lang='grc' dir='ltr'><strong><em>ἐπεὶ</em></strong></span> <span class='ocrx_word' id='word_1_242' title='bbox 774 3275 877 3323; x_wconf 72' lang='grc' dir='ltr'><strong><em>γαρ</em></strong></span> <span class='ocrx_word' id='word_1_243' title='bbox 893 3260 921 3307; x_wconf 84' lang='lat'><strong><em>4:</em></strong></span> <span class='ocrx_word' id='word_1_244' title='bbox 944 3258 970 3307; x_wconf 97' lang='grc' dir='ltr'><strong><em>Γ</em></strong></span> <span class='ocrx_word' id='word_1_245' title='bbox 987 3252 1154 3340; x_wconf 79' lang='grc' dir='ltr'><strong><em>πεποίηκεν]</em></strong></span> 
     </span>
    </p>

    <p class='ocr_par' dir='ltr' id='par_1_12' title="bbox 144 3321 1156 3465">
     <span class='ocr_line' id='line_1_29' title="bbox 146 3321 1156 3414; baseline -0.004 -34"><span class='ocrx_word' id='word_1_246' title='bbox 146 3327 200 3381; x_wconf 84' lang='lat' dir='ltr'><strong>del.</strong></span> <span class='ocrx_word' id='word_1_247' title='bbox 219 3327 254 3392; x_wconf 87' lang='lat' dir='ltr'><strong><em>B;</em></strong></span> <span class='ocrx_word' id='word_1_248' title='bbox 274 3321 336 3380; x_wconf 77' lang='grc' dir='ltr'><strong><em>ἐπεὶ</em></strong></span> <span class='ocrx_word' id='word_1_249' title='bbox 359 3322 414 3394; x_wconf 78' lang='grc' dir='ltr'><strong><em>γάρ</em></strong></span> <span class='ocrx_word' id='word_1_250' title='bbox 435 3322 569 3396; x_wconf 75' lang='grc' dir='ltr'><strong><em>ἑκάτερον</em></strong></span> <span class='ocrx_word' id='word_1_251' title='bbox 589 3323 669 3395; x_wconf 77' lang='lat' dir='ltr'><strong><em>(ex</em></strong></span> <span class='ocrx_word' id='word_1_252' title='bbox 655 3325 787 3414; x_wconf 80' lang='grc' dir='ltr'><strong><em>εαάτερος</em></strong></span> <span class='ocrx_word' id='word_1_253' title='bbox 805 3327 841 3395; x_wconf 88' lang='lat' dir='ltr'><strong><em>V)</em></strong></span> <span class='ocrx_word' id='word_1_254' title='bbox 861 3326 916 3379; x_wconf 81' lang='grc' dir='ltr'><strong><em>τῶν</em></strong></span> <span class='ocrx_word' id='word_1_255' title='bbox 936 3331 973 3391; x_wconf 89' lang='lat' dir='ltr'><em>A,</em></span> <span class='ocrx_word' id='word_1_256' title='bbox 993 3321 1050 3378; x_wconf 86' lang='lat' dir='ltr'><strong><em>E</em></strong></span> <span class='ocrx_word' id='word_1_257' title='bbox 1038 3345 1053 3377; x_wconf 94' lang='grc' dir='ltr'><strong><em>ο</em></strong></span> <span class='ocrx_word' id='word_1_258' title='bbox 1074 3329 1095 3377; x_wconf 89' lang='grc' dir='ltr'><strong>Ζ</strong></span> <span class='ocrx_word' id='word_1_259' title='bbox 1114 3326 1156 3392; x_wconf 90' lang='lat' dir='ltr'><em>(A,</em></span> 
     </span>
     <span class='ocr_line' id='line_1_30' title="bbox 144 3393 1156 3465; baseline -0.002 -15"><span class='ocrx_word' id='word_1_260' title='bbox 144 3393 194 3450; x_wconf 91' lang='grc' dir='ltr'><strong><em>Εο</em></strong></span> <span class='ocrx_word' id='word_1_261' title='bbox 212 3397 275 3450; x_wconf 89' lang='lat' dir='ltr'><strong><em>Z1n</em></strong></span> <span class='ocrx_word' id='word_1_262' title='bbox 289 3413 342 3451; x_wconf 76' lang='grc' dir='ltr'><strong><em>τοο.</em></strong></span> <span class='ocrx_word' id='word_1_263' title='bbox 357 3396 393 3465; x_wconf 90' lang='lat' dir='ltr'><strong><em>V)</em></strong></span> <span class='ocrx_word' id='word_1_264' title='bbox 412 3394 691 3460; x_wconf 82' lang='grc' dir='ltr'><strong><em>πολλαπλασιάσας</em></strong></span> <span class='ocrx_word' id='word_1_265' title='bbox 677 3394 811 3465; x_wconf 81' lang='grc' dir='ltr'><strong><em>εαάτερον</em></strong></span> <span class='ocrx_word' id='word_1_266' title='bbox 830 3398 886 3450; x_wconf 82' lang='grc' dir='ltr'><strong><em>τῶν</em></strong></span> <span class='ocrx_word' id='word_1_267' title='bbox 906 3402 936 3464; x_wconf 88' lang='lat' dir='ltr'><em>A,</em></span> <span class='ocrx_word' id='word_1_268' title='bbox 958 3400 984 3448; x_wconf 92' lang='grc' dir='ltr'><strong><em>Γ</em></strong></span> <span class='ocrx_word' id='word_1_269' title='bbox 995 3395 1035 3464; x_wconf 86' lang='lat' dir='ltr'><strong><em>(in</em></strong></span> <span class='ocrx_word' id='word_1_270' title='bbox 1054 3411 1106 3450; x_wconf 79' lang='lat' dir='ltr'><strong>ras.</strong></span> <span class='ocrx_word' id='word_1_271' title='bbox 1122 3395 1156 3461; x_wconf 90' lang='lat' dir='ltr'><strong><em>V)</em></strong></span> 
     </span>
    </p>
   </div>
   <div class='ocr_carea' id='block_1_5' title="bbox 145 3462 1157 3609">
    <p class='ocr_par' dir='ltr' id='par_1_13' title="bbox 145 3462 1157 3609">
     <span class='ocr_line' id='line_1_31' title="bbox 145 3462 1157 3554; baseline -0.002 -34"><span class='ocrx_word' id='word_1_272' title='bbox 145 3470 300 3554; x_wconf 79' lang='grc' dir='ltr'><strong><em>πεποίηκεν</em></strong></span> <span class='ocrx_word' id='word_1_273' title='bbox 320 3467 387 3534; x_wconf 80' lang='lat' dir='ltr'>V‹p;</span> <span class='ocrx_word' id='word_1_274' title='bbox 406 3462 518 3521; x_wconf 72' lang='grc' dir='ltr'><strong><em>ἐπεὶ</em></strong></span> <span class='ocrx_word' id='word_1_275' title='bbox 486 3488 540 3539; x_wconf 81' lang='grc' dir='ltr'><strong><em>ναρ</em></strong></span> <span class='ocrx_word' id='word_1_276' title='bbox 561 3465 692 3536; x_wconf 73' lang='grc' dir='ltr'><strong><em>ἑκάτερος</em></strong></span> <span class='ocrx_word' id='word_1_277' title='bbox 711 3470 820 3538; x_wconf 82' lang='grc' dir='ltr'><strong><em>τῶνΖ,</em></strong></span> <span class='ocrx_word' id='word_1_278' title='bbox 842 3473 872 3522; x_wconf 90' lang='grc' dir='ltr'><em>Η</em></span> <span class='ocrx_word' id='word_1_279' title='bbox 887 3465 936 3522; x_wconf 86' lang='grc' dir='ltr'><strong><em>τὸν</em></strong></span> <span class='ocrx_word' id='word_1_280' title='bbox 955 3469 981 3520; x_wconf 89' lang='grc' dir='ltr'><strong><em>Ε</em></strong></span> <span class='ocrx_word' id='word_1_281' title='bbox 999 3469 1157 3520; x_wconf 86' lang='grc' dir='ltr'><strong><em>πολλαπλα-</em></strong></span> 
     </span>
     <span class='ocr_line' id='line_1_32' title="bbox 148 3509 1156 3609; baseline -0.004 -18"><span class='ocrx_word' id='word_1_282' title='bbox 148 3535 247 3599; x_wconf 88' lang='grc' dir='ltr'><strong><em>σιάσας</em></strong></span> <span class='ocrx_word' id='word_1_283' title='bbox 266 3509 402 3607; x_wconf 78' lang='grc' dir='ltr'><strong><em>ἕκάτεράν</em></strong></span> <span class='ocrx_word' id='word_1_284' title='bbox 420 3539 477 3593; x_wconf 77' lang='grc' dir='ltr'><strong><em>τῶν</em></strong></span> <span class='ocrx_word' id='word_1_285' title='bbox 497 3544 532 3609; x_wconf 92' lang='grc' dir='ltr'><strong><em>Γ,</em></strong></span> <span class='ocrx_word' id='word_1_286' title='bbox 558 3542 754 3608; x_wconf 80' lang='grc' dir='ltr'><strong><em>Βτιεποίηκεν</em></strong></span> <span class='ocrx_word' id='word_1_287' title='bbox 773 3558 829 3609; x_wconf 85' lang='lat' dir='ltr'><strong><em>mg</em></strong></span> <span class='ocrx_word' id='word_1_288' title='bbox 849 3541 879 3594; x_wconf 93' lang='lat' dir='ltr'><strong><em>B.</em></strong></span> <span class='ocrx_word' id='word_1_289' title='bbox 917 3541 949 3592; x_wconf 90' lang='lat' dir='ltr'><strong><em>In</em></strong></span> <span class='ocrx_word' id='word_1_290' title='bbox 968 3539 990 3591; x_wconf 93' lang='lat' dir='ltr'>P</span> <span class='ocrx_word' id='word_1_291' title='bbox 1009 3556 1066 3606; x_wconf 85' lang='lat' dir='ltr'><strong><em>mg.</em></strong></span> <span class='ocrx_word' id='word_1_292' title='bbox 1086 3555 1122 3590; x_wconf 91' lang='lat' dir='ltr'><strong><em>m.</em></strong></span> <span class='ocrx_word' id='word_1_293' title='bbox 1143 3540 1156 3587; x_wconf 91' lang='lat'>1</span> 
     </span>
    </p>
   </div>
   <div class='ocr_carea' id='block_1_6' title="bbox 0 0 1262 4012">
    <p class='ocr_par' dir='ltr' id='par_1_14' title="bbox 0 0 1262 4012">
     <span class='ocr_line' id='line_1_33' title="bbox 0 0 1262 4012; baseline 0 1"><span class='ocrx_word' id='word_1_294' title='bbox 0 0 1262 4012; x_wconf 95' lang='lat' dir='ltr'><strong><em> </em></strong></span> 
     </span>
    </p>
   </div>
  </div>
 </body>
</html>
