2514 4012
326 210 601 265 RLEMENTORUM
618 212 728 263 LIBER
745 212 794 262 III.
1012 208 1075 274 171

59 359 173 440 AER,
196 358 230 422 et
253 359 399 422 sumatur
423 359 569 421 centrum
592 355 703 420 circuli
726 357 828 420 ΑΒΓ
848 357 953 439 [prop.
976 355 1016 438 Π,
1043 358 1076 422 et

63 464 108 527 sit
132 468 173 546 A,
196 467 229 527 et
252 462 411 528 ducantur
435 466 514 540 ΔΑ,
539 466 615 545 ΔΒ,
638 465 671 525 et
694 462 890 546 producatur
914 465 1022 526 AZE.

447 569 512 633 iam
536 568 690 654 quoniam
713 574 784 633 ΔΛ
799 598 841 621 =
857 573 890 632 A
896 573 924 633 Β
930 618 939 651 ,
961 569 1023 633 erit

508 678 653 752 [ΔΑΕ
667 703 709 727 =
725 678 829 739 ABE
851 674 889 757 [1,
903 674 948 755 5].

379 785 412 847 et
435 782 588 867 quoniam
611 782 646 846 in
668 782 833 867 triangulo
852 784 960 845 ΔΑΕ
975 802 1074 845 unum

380 889 466 954 latus
489 887 683 971 productum
705 892 755 953 est
778 892 891 972 ΑΕΒ,
916 887 977 952 erit

500 1000 521 1070 L
538 998 688 1067 AER>
704 999 812 1059 ΔΑΕ
832 994 953 1079 [1‚16].

379 1122 491 1167 uerum
968 1127 970 1131 ⁴

560 1196 581 1266 L
597 1196 630 1255 A
637 1195 668 1255 A
673 1195 706 1255 Ε
718 1221 761 1245 =
776 1194 886 1256 ABE.

55 1296 169 1380 itaque
198 1302 340 1373 [ΔΕΒ
354 1308 390 1372 >
405 1302 515 1362 ΔΒΕ.
562 1297 622 1362 sub
655 1296 776 1362 maiore
811 1301 920 1362 autem
953 1298 1098 1382 angulo·

59 1401 166 1468 maius
189 1404 277 1470 latus
301 1405 466 1471 subtendit
490 1401 527 1491 [1,
543 1405 607 1485 19].
631 1404 744 1488 itaque
768 1407 834 1467 AB
849 1413 884 1477 >
899 1408 932 1468 Δ
938 1408 975 1469 Ε.
1018 1404 1074 1470 sed

58 1513 127 1574 AB
143 1539 186 1564 =
201 1515 282 1576 ΔΖ.
321 1513 431 1596 itaque
460 1515 526 1575 ΛΖ
539 1521 574 1585 >
590 1514 659 1575 ΔΕ
687 1513 795 1577 minus
818 1511 954 1588 maiore;
988 1512 1074 1596 quod

58 1615 130 1681 fieri
157 1622 367 1704 nonpotest.
413 1640 491 1704 ergo
514 1621 604 1683 recta
627 1619 667 1683 ab
692 1624 724 1683 A
746 1618 787 1682 ad
809 1621 838 1683 Β
862 1617 958 1684 ducta
981 1621 1073 1683 extra

58 1723 215 1790 circulum
245 1746 313 1790 non
344 1725 446 1791 cadet
491 1726 557 1790 iam
590 1725 742 1790 similiter
770 1725 1073 1808 demonstrabimus,

56 1850 98 1893 ne
121 1829 158 1894 in
175 1830 282 1915 ipsum
301 1830 430 1916 quidem
450 1831 606 1896 ambitum
626 1853 696 1898 eam
716 1832 841 1918 cadere3
864 1831 954 1898 intra
971 1830 1074 1916 igitur

55 1936 156 2003 cadet
291 1941 295 1948 “

124 2043 214 2130 Ergo
243 2046 270 2110 si
303 2044 338 2109 in
370 2045 495 2110 ambitu
528 2045 639 2110 circuli
667 2045 729 2111 duo
758 2044 921 2131 quaelibet
950 2047 1072 2129 puncta

59 2154 188 2235 sumpta
212 2153 315 2235 erunt,
339 2155 426 2216 recta
449 2154 570 2235 puncta
591 2150 791 2236 coniungens
810 2152 898 2216 intra
916 2151 1071 2216 circulum

59 2256 161 2340 cadet3
187 2258 273 2342 quod
298 2261 367 2323 erat
390 2258 685 2324 demonstrandum.

536 2453 594 2519 IH.

123 2573 156 2640 si
177 2577 213 2641 in
236 2577 355 2642 circulo
378 2582 467 2642 recta
486 2579 593 2662 ulique
612 2599 669 2663 per
690 2582 835 2647 centrum
855 2576 952 2642 ducta
972 2577 1070 2641 aliam

56 2685 179 2747 rectam
207 2705 273 2748 non
303 2705 361 2768 per
391 2688 537 2749 centrum
566 2684 694 2749 ductam
721 2687 756 2748 in
779 2683 864 2749 duas
887 2687 996 2767 partes
1021 2704 1070 2747 ae·

56 2790 167 2872 quales
192 2793 295 2874 secat,
323 2791 421 2855 etiam
450 2793 491 2855 ad
518 2796 624 2856 rectos
649 2790 785 2876 angulos
809 2811 881 2855 eam
905 2793 999 2854 secat
1038 2793 1071 2853 ct

56 2896 85 2958 si
109 2895 279 2961 adrectos
303 2897 440 2982 angulos
464 2919 536 2962 eam
556 2901 653 2982 secat,
677 2898 775 2961 etiam
798 2898 834 2960 in
857 2896 936 2961 duas
960 2900 1068 2979 partes

55 3002 209 3085 aequales
233 3006 330 3068 secat.

123 3106 173 3173 Sit
202 3108 339 3174 circulus
363 3112 474 3192 ΑΒΓ,
498 3111 589 3174 etin
612 3131 650 3174 eo
674 3113 762 3174 recta
786 3109 893 3192 aliqua
915 3129 973 3192 pcr
996 3128 1070 3172 ecn-

51 3219 141 3279 trum
161 3214 257 3280 ducta
275 3218 338 3280 ΓΔ
354 3216 452 3280 aliam
470 3220 592 3282 rectam
612 3238 679 3281 non
697 3239 755 3300 per
774 3219 919 3281 centrum
938 3213 1069 3279 ductam

49 3421 87 3480 τὰ
108 3419 184 3508 cete?
204 3445 226 3494 φ
247 3425 287 3494 (in
304 3444 361 3497 mg.
379 3425 501 3497 transit),
519 3426 546 3480 V
563 3445 600 3483 m.
616 3433 640 3482 2.
714 3432 756 3481 1'1.
776 3426 881 3550 δεῖξαθ
901 3441 985 3494 supra
1004 3423 1068 3479 add.

47 3513 171 3564 ποιησαι
198 3496 220 3549 F
248 3515 284 3551 m.
300 3503 324 3551 1.
433 3503 476 3551 21.
504 3497 612 3569 τέμνει]
642 3498 672 3565 Ρ,
701 3504 783 3568 τεμεῖ
800 3496 850 3551 BF
885 3515 917 3566 p;
945 3495 995 3549 sed
1020 3494 1069 3549 cfr.

49 3587 80 3638 p.
98 3572 159 3635 1⁷4,
171 3573 213 3622 19.
286 3574 330 3624 22.
348 3565 458 3641 τέμνει]
475 3567 509 3637 Ρ;
528 3575 612 3639 τεμεῖ
626 3568 737 3639 BFVp.
