2514 4012
392 200 667 253 ELEMENTORUM
684 201 794 252 LIBER
811 202 858 253 VI.
1075 200 1139 267 159

123 345 226 407 HA:
254 345 325 407 ΑΚ
352 373 394 397 =
423 346 493 409 HA
517 366 524 407 :
547 347 621 410 ΑΕ.
682 365 760 431 ergo
788 347 859 409 HA
891 345 932 409 ad
965 348 1136 430 utramque

124 451 207 534 ΑΚ,
226 452 294 515 ΑΕ
315 450 451 517 eandem
473 451 634 517 rationem
656 449 764 515 habet.
810 473 909 539 quare
932 455 1001 517 ΑΕ
1013 481 1055 505 =
1070 458 1102 518 A
1108 456 1143 519 K

126 554 180 639 [V‚
204 556 239 638 9]
268 556 375 622 minor
402 557 534 642 maiori3
567 556 652 641 quod
680 556 752 622 fieri
778 579 846 623 non
872 560 990 641 potest.
1041 580 1139 644 quare

123 663 194 727 fieri
216 683 283 728 non
308 666 431 748 potest,
454 668 491 729 ut
514 664 663 747 ΑΒΓΔ,
684 667 747 728 AZ
770 665 891 730 oiroum
915 665 1049 730 eandem
1073 664 1139 730 dia·

124 772 265 835 metrum
307 770 415 854 posita
456 792 524 835 non
568 769 643 835 sint.
709 789 787 855 ergo
832 771 1140 858 parallelogramma

124 877 273 959 ΑΒΓΔ,
300 879 365 940 ΑΖ
388 875 508 942 oiroum
536 876 671 941 eandem
698 875 892 943 diametrum
920 878 1030 962 posita
1056 880 1141 944 aunt.

191 981 282 1067 Ergo
322 982 350 1047 si
386 1005 406 1048 a
442 984 759 1072 parallelogramma
787 982 932 1048 aufertur
970 984 1142 1069 parallelo·

124 1109 309 1175 grammum
333 1088 398 1155 toti
421 1089 524 1154 simile
549 1094 583 1156 et
605 1090 757 1155 similiter
778 1090 923 1175 positum
946 1095 980 1156 et
997 1111 1139 1157 eommu-

121 1216 199 1261 nem
221 1195 378 1281 angulum
400 1194 539 1281 habens,
563 1196 682 1261 circum
707 1196 842 1262 eandem
865 1196 1059 1262 diametrum
1084 1217 1149 1280 po·.

123 1286 224 1367 situm
247 1305 296 1367 est
320 1322 357 1367 aa
378 1305 500 1386 totum3
523 1303 609 1387 quod
632 1307 704 1368 erat
727 1302 1022 1370 demonstrandum.

565 1495 702 1562 XXVII.

191 1620 345 1687 Omnium
368 1621 750 1706 parallelogrammorum
774 1622 878 1688 eidem
900 1627 1008 1689 reatae
1032 1623 1134 1709 adpli-

121 1732 271 1794 catorum
290 1731 324 1793 et
343 1728 561 1794 deficientium
580 1727 694 1814 figuris
717 1730 1031 1816 parallelogrammis
1050 1729 1138 1795 simi·

120 1835 207 1901 libus
231 1838 264 1900 et
287 1835 438 1900 similiter
459 1834 576 1920 positia
601 1835 644 1920 ei,
668 1835 808 1919 quaein
832 1835 965 1901 dimidia
984 1834 1137 1902 describi·

119 1947 188 2025 tur,
226 1941 404 2007 maximum
437 1944 487 2008 eet
517 1941 861 2027 parallelogrammum
894 1940 1049 2008 dimidiae
1082 1941 1138 2007 ad·

119 2049 278 2133 plicatum
304 2048 448 2113 defectui
472 2047 585 2112 simile.

191 2151 241 2219 Sit
267 2158 356 2219 reeta
386 2158 451 2218 AB
483 2156 516 2218 et
539 2154 575 2218 in
599 2153 677 2218 duas
700 2156 810 2238 partes
835 2155 987 2238 aequales
1011 2159 1137 2221 secetur

120 2263 156 2326 in
180 2262 216 2344 Γ,
240 2264 273 2324 et
297 2263 404 2324 reatae
422 2264 488 2324 AB
508 2260 692 2344 adplicetur
709 2261 1053 2347 parallelogrammum
1067 2267 1137 2326 ΑΔ

120 2367 274 2433 deficiens
300 2366 405 2451 figura
428 2367 733 2451 parallelogramma
758 2372 825 2434 AB
848 2369 882 2434 in
905 2368 1039 2434 dimidia
1069 2391 1137 2434 reo·

119 2478 174 2540 tae
206 2477 271 2538 AB
279 2522 288 2557 ,
319 2471 382 2537 hoo
410 2475 460 2536 est
487 2472 522 2536 in
551 2475 626 2557 ΓΒ,
655 2473 824 2558 descripta.
879 2475 965 2560 dieo,
993 2475 1138 2541 omnium

119 2580 502 2666 parallelogrammorum
517 2583 626 2644 rectae
640 2584 705 2644 AB
720 2580 957 2663 adplicatorum
972 2584 1005 2646 et
1023 2582 1137 2666 figuris

119 2757 207 2826 BVp.
252 2762 276 2811 6.
291 2751 366 2810 ἐστίν
380 2755 410 2809 Ρ.
468 2760 508 2808 10.
525 2751 589 2822 ἔχον
604 2755 710 2823 γωνίαν
720 2753 754 2809 V.
809 2749 913 2826 αὐτήν]
926 2772 1011 2824 supra
1023 2772 1061 2809 m.
1078 2762 1092 2809 1
1108 2774 1135 2825 p.

158 2833 199 2882 12.
219 2822 245 2880 λ’
264 2827 319 2895 Fp.
413 2832 454 2880 17.
474 2843 503 2879 τε
524 2821 583 2879 ἔστι
600 2843 627 2894 p.
720 2830 762 2880 18.
781 2823 1075 2898 παραλαμβανόμενον
1099 2827 1134 2892 Ρ;

119 2915 192 2956 corr.
210 2914 246 2952 m.
265 2914 320 2952 ree.
384 2893 687 2985 παραλληλὸρραμμον]
706 2913 743 2952 m.
761 2912 817 2952 ree.
835 2897 866 2954 P.
936 2891 1045 2969 ὅμοιον]
1065 2913 1136 2952 corr.

118 2987 155 3026 ex
174 2963 240 3040 ὅμοι
258 2969 290 3025 Ρ.
365 2974 406 3023 19.
427 2964 460 3023 ὸν
479 2968 530 3038 τῷ]
551 2987 584 3021 ον
604 2962 635 3021 τό
655 2987 677 3036 φ
696 2966 726 3020 in
744 2985 798 3024 raa.
832 2964 973 3040 ἐλλείματι
991 2987 1019 3040 p.
1092 2975 1134 3023 21.

117 3038 171 3110 τήν
203 3034 255 3108 τὴν
274 3035 365 3108 αὐτήν
383 3039 414 3092 Ρ.
496 3040 567 3110 ΑΔ]
588 3044 613 3093 Δ
631 3035 661 3092 in
678 3054 732 3094 rus.
751 3058 787 3096 m.
807 3045 824 3094 2
843 3040 881 3107 V;
907 3044 960 3093 ΑΒ
979 3059 1011 3108 φ.
1093 3045 1136 3095 23.

117 3115 173 3168 AB
211 3112 268 3165 ΔΘ
288 3131 309 3180 φ
330 3113 396 3198 (pon
415 3111 455 3180 F).
493 3109 561 3165 Post
583 3111 637 3165 hoo
660 3111 758 3166 uocab.
784 3111 848 3166 add.
866 3110 975 3166 Theon:
1000 3105 1086 3181 ὁμοίω
1105 3130 1135 3166 τε

116 3182 169 3239 καὶ
198 3176 301 3253 ὁμοίως
329 3178 526 3253 αναγραφέντι
554 3182 598 3250 (F3
627 3197 678 3270 pro
702 3178 790 3255 ὁμοίῳ
813 3182 836 3236 Β
866 3203 902 3253 φ,
930 3182 1010 3236 Vm.
1030 3188 1046 3236 2
1069 3166 1135 3237 lrab.

116 3248 232 3325 ὅμοιονς
251 3270 302 3324 pro
322 3248 517 3323 ἀναγραφέντι
536 3253 596 3323 Bp:
621 3252 803 3323 αναγραφέν,
876 3272 973 3324 κειμεν
992 3269 1048 3322 seq.
1068 3269 1134 3321 ταας

115 3346 160 3381 -τι
178 3324 208 3379 in
226 3326 248 3379 F
267 3325 378 3412 punptie
398 3325 472 3395 del).
546 3321 754 3395 ἀναγραφέντι]
774 3323 809 3390 Ρς
828 3325 866 3397 τῷ
882 3325 979 3379 Theon
998 3322 1134 3448 (BFVp).

154 3391 298 3524 ἡμέισείαςέ
317 3390 663 3522 ημιῖσέίαρδᾶναγραρῗίντίρ
680 3396 745 3523 E'V13
809 3394 1090 3522 ffltdftnpfgnpnv
1104 3398 1134 3518 Il.

112 3468 601 3610 mid.alduullploypdpddl'd]·llrrla
620 3487 649 3594 Pl.
677 3483 726 3522 uer
746 3485 794 3522 um
829 3483 895 3522 am
946 3468 997 3536 m
1031 3484 1074 3520 Η
1128 3508 1134 3521 ⁸
