2514 4012
384 200 661 252 mnamuncauu
678 201 787 252 nmen
805 203 837 253 v.
1093 201 1132 264 11

123 344 220 428 plicas
257 348 347 428 eunt,
384 346 417 408 et
454 344 568 428 quinta
610 344 769 409 secundae
809 349 963 429 sextaque
1000 349 1135 429 quartae

122 470 222 537 aeque
244 449 454 535 multiplices,
482 450 581 514 etiam
604 449 710 534 prima
733 450 910 535 quintaque
933 453 1133 537 compositae

124 556 281 624 secundae
304 560 337 622 et
360 556 458 622 tertia
481 560 635 640 sextaque
654 556 853 640 compositae
873 561 1008 640 quartae
1033 581 1134 645 aeque

122 662 317 747 multiplices
341 666 445 727 amnt.

184 791 262 836 nam
287 769 395 855 prima
418 773 482 836 AB
506 770 664 836 secundae
683 771 763 960 ff
786 768 884 835 tertia
907 774 978 835 ΛΕ
999 775 1134 856 quartae

122 879 274 962 Zaaque
303 875 499 960 multiplices
530 876 611 961 sint,
638 880 672 941 et
739 875 810 942 inta
833 879 907 942 BH
925 877 1083 943 secundae
1106 880 1138 942 Γ

653 986 1133 1173 :requeratur

124 1196 212 1249 P·-·†
652 1195 734 1279 dieo,
756 1196 855 1260 etiam
877 1196 1017 1280 primam
1041 1196 1134 1281 quin·

123 1305 1134 1475 r...,-.,-.e-,1..qff;1;0agag:

651 1517 782 1598 tamque
823 1516 1021 1600 compositas
1066 1521 1134 1582 ΔΘ

121 1626 255 1707 quartae
278 1625 306 1686 Z
328 1642 430 1706 aeque
454 1620 648 1704 multiplices
672 1641 753 1686 esse.

183 1750 261 1793 nam
284 1729 436 1813 quoniam
458 1731 524 1791 AB
546 1725 784 1812 magnitudinis
807 1729 840 1791 Γ
858 1731 891 1792 et
915 1731 988 1792 ΔΕ
1008 1728 1133 1814 magni-

119 1834 242 1900 tudinis
272 1838 300 1899 Z
323 1855 424 1918 aeque
453 1833 649 1918 multiplices
678 1837 766 1917 sunt,
799 1836 880 1917 quot
907 1837 984 1898 sunt
1011 1834 1046 1898 in
1068 1838 1133 1898 AB

121 1940 338 2027 magnitudini
357 1942 389 2004 Γ
404 1940 566 2024 aequales,
585 1943 637 2005 tot
655 1941 755 2005 etiam
774 1941 809 2004 in
829 1944 900 2005 ΔΕ
912 1943 990 2005 sunt
1007 1941 1134 2025 magni-

122 1497 246 1550 Ζι--ι

118 2046 224 2113 tudini
243 2050 270 2110 Z
294 2046 455 2132 aequales.
492 2045 604 2110 eadem
628 2046 667 2111 de
691 2068 789 2112 causa
812 2047 924 2129 etiam,
953 2049 1035 2130 quot
1057 2050 1134 2111 sunt

121 2154 155 2218 in
186 2157 259 2218 tota
286 2157 314 2216 B
321 2156 360 2216 H
382 2152 600 2237 magnitudini
627 2155 659 2216 Γ
684 2153 849 2238 aequales,
881 2156 933 2218 tot
967 2152 1065 2216 etiam
1098 2153 1132 2217 in

121 2263 185 2325 ΕΘ
217 2265 294 2324 eunt
321 2258 591 2344 magnitudiniZ
620 2260 776 2344 aequales.
814 2281 915 2344 quare
943 2263 1024 2343 quot
1056 2264 1133 2324 sunt

118 2368 153 2430 in
181 2369 253 2431 tcta
282 2369 359 2429 ΑΗ
382 2364 600 2449 magnitudini
624 2368 656 2430 Γ
680 2367 842 2450 aequales,
869 2364 1006 2430 totidem
1033 2367 1131 2431 etiam

121 2473 157 2536 in
187 2476 259 2537 tota
291 2476 359 2535 ΛΘ
395 2475 471 2536 sunt
500 2471 719 2555 magnitudini
751 2477 778 2536 Z
816 2470 976 2556 aequales.
1022 2471 1132 2555 itaque

118 2578 246 2664 quoties
266 2576 436 2661 multiplex
452 2581 501 2641 est
515 2582 547 2641 Α
553 2580 593 2640 Η
602 2578 835 2662 magnitudinis
850 2580 889 2660 Γ,
904 2577 1005 2642 toties
1024 2577 1132 2642 multi-

118 2684 193 2769 plex
226 2685 288 2748 erit
321 2684 418 2748 etiam
447 2687 513 2747 ΛΘ
545 2666 779 2768 magnitudinis
812 2686 848 2746 Z.
891 2682 1000 2767 itaque
1032 2683 1132 2748 etiam

118 2791 226 2874 prima
254 2795 286 2854 et
320 2790 433 2874 quinta
460 2789 659 2873 compositae
687 2793 763 2854 ΑΗ
786 2789 944 2854 secundae
976 2790 1009 2852 Γ
1032 2809 1134 2873 aeque

118 2895 316 2979 multiplices
345 2899 440 2959 erunt
469 2916 506 2960 ac
533 2893 631 2960 tertia
659 2899 814 2981 sextaque
838 2902 872 2960 Δ
878 2900 907 2961 Θ
934 2898 1030 2980 quart
1097 2899 1133 2960 Z.

185 3000 274 3086 Ergo
306 3001 335 3064 ei
362 3001 468 3083 prima
497 3001 654 3066 secundae
686 3009 719 3067 et
746 3003 844 3067 tertia
869 3006 1003 3087 quartae
1032 3023 1133 3086 aeque

119 3107 317 3190 multiplices
337 3112 423 3190 sunt,
443 3111 475 3172 et
499 3108 614 3193 quinta
637 3109 793 3173 secundae
819 3112 975 3193 sextaque
998 3111 1132 3192 quartae

118 3236 219 3298 aeque
234 3213 455 3297 multiplices,
485 3215 581 3277 etiam
607 3214 711 3298 prima
734 3215 908 3298 quintaque
933 3213 1133 3297 compositae

117 3319 277 3386 secundae
301 3324 334 3384 et
356 3321 454 3385 tertia
479 3323 631 3404 sextaque
655 3320 854 3403 compositae
874 3325 1009 3404 quartae
1032 3341 1133 3405 aeque

119 3426 318 3512 multiplices
343 3430 451 3511 erunt3
476 3426 561 3511 quod
585 3430 655 3491 erat
678 3427 973 3492 demonstrandum.
