2514 4012
386 189 663 242 ELEMENTORUM
679 190 789 240 LIBER
806 189 866 241 VII.
1070 187 1136 252 243

122 333 244 418 singuli
268 332 308 397 ad
331 332 477 417 singulos
501 331 598 416 primi
621 332 697 417 sint,
722 336 755 397 et
779 333 823 397 sit

370 440 881 522 Axn=arxn=a

122 546 203 630 dieo,
226 545 324 610 etiam
348 549 386 629 E,
411 549 438 609 Ζ
461 545 547 610 inter
571 567 604 608 se
628 545 750 629 primos
774 566 852 610 esse.

367 724 403 774 Αι
618 737 622 772 l
659 721 888 774 Γι--ι

368 829 542 879 Βι--ι
656 832 681 879 Δ
692 843 860 881 l--—-l

777 949 782 986 ι

719 1055 724 1091 ι

187 1204 265 1254 nam
289 1183 443 1268 quoniam
463 1187 596 1268 uterque
611 1188 651 1268 A,
666 1187 694 1247 B
709 1182 750 1247 ad
764 1185 797 1248 Γ
810 1182 935 1267 primus
955 1184 1014 1265 est,
1037 1180 1137 1244 etiam

121 1293 154 1353 A
163 1292 245 1357 ><Β
260 1288 301 1354 ad
316 1291 348 1353 Γ
356 1290 481 1374 primus
496 1289 559 1354 erit
574 1286 677 1376 [prop.
686 1286 820 1369 XXIV]
845 1287 901 1353 sed
911 1293 943 1352 A
952 1301 996 1356 ><
1007 1290 1035 1350 B
1046 1315 1089 1338 ==
1099 1288 1137 1351 Ε.

122 1417 221 1478 quare
250 1399 293 1480 E,
316 1398 348 1460 Γ
376 1397 463 1460 inter
497 1417 531 1460 se
560 1394 658 1478 primi
691 1397 776 1459 sunt.
822 1393 935 1459 eadem
968 1391 1006 1457 de
1040 1414 1139 1458 eausa

122 1502 221 1565 etiam
244 1505 283 1586 Ε,
307 1505 341 1565 Δ
363 1502 450 1568 inter
473 1522 507 1567 se
530 1500 627 1586 primi
651 1503 737 1565 sunt.
769 1500 879 1585 itaque
902 1503 1038 1585 uterque
1053 1501 1090 1582 Γ,
1105 1501 1137 1565 Δ

121 1606 162 1671 ad
185 1610 218 1670 E
237 1607 361 1691 primus
386 1611 444 1672 est.
481 1608 591 1693 itaque
615 1606 715 1671 etiam
738 1608 823 1674 Γ><
839 1611 873 1670 Δ
895 1605 936 1670 ad
960 1610 992 1670 E
1012 1607 1137 1690 primus

121 1713 192 1778 erit.
238 1713 294 1778 sed
321 1715 354 1778 Γ
363 1719 455 1783 ><Δ
474 1745 516 1768 =
536 1718 572 1779 Z.
618 1733 696 1797 ergo
724 1717 769 1798 E,
798 1714 825 1775 Z
856 1713 942 1778 inter
974 1734 1009 1778 se
1041 1712 1137 1795 primi

122 1824 212 1905 sunt;
235 1819 322 1905 quod
345 1822 416 1884 erat
438 1818 735 1885 demonstrandum.

558 2013 697 2079 XXVII.

190 2137 224 2205 si
248 2138 310 2204 duo
333 2139 458 2203 numeri
481 2139 566 2203 inter
590 2139 745 2222 septimi
769 2141 860 2224 sunt,
890 2143 924 2204 et
945 2142 1080 2223 uterque
1104 2160 1138 2204 se

123 2246 192 2330 ipse
222 2244 442 2327 multiplicans
475 2266 645 2310 numerum
669 2245 809 2330 aliquem
833 2246 987 2331 effecerit,
1011 2245 1138 2311 numeri

122 2373 160 2416 ex
188 2351 228 2416 iis
257 2352 361 2416 effecti
389 2351 475 2417 inter
502 2374 536 2417 se
564 2353 661 2436 primi
688 2356 796 2437 erunt,
825 2357 858 2418 et
886 2354 914 2418 si
941 2354 1067 2418 numeri
1096 2352 1136 2416 ab

121 2458 216 2524 initio
232 2457 352 2542 sumpti
366 2478 517 2525 numeros
527 2459 702 2544 productos
717 2460 970 2543 multiplicantes
985 2480 1136 2524 numeros

122 2566 248 2651 aliquos
278 2565 456 2648 effecerint,
483 2565 508 2630 ii
531 2588 658 2652 quoque
682 2566 769 2630 inter
792 2587 826 2630 se
850 2566 948 2650 primi
972 2569 1067 2631 erunt
1091 2568 1138 2646 [et

123 2692 251 2754 semper
273 2671 309 2735 in
332 2671 482 2736 extremis
490 2668 517 2756 1)
540 2671 602 2736 hoo
625 2671 764 2753 accidit}

194 2884 219 2948 1)
237 2876 321 2947 ἄκροι
348 2879 402 2934 hoe
432 2880 494 2935 loeo
523 2879 592 2934 satis
618 2879 773 2935 insolenter
799 2880 924 2950 positum
952 2883 1004 2936 est
1045 2898 1136 2952 neque

120 2950 195 3006 enim
222 2950 300 3006 aliud
328 2951 468 3021 significat
495 2951 563 3005 nisi=
595 2952 724 3020 ultimos,
752 2951 853 3007 ultimo
881 2953 944 3008 loeo
976 2953 1136 3023 productos.

119 3024 266 3091 praeterea
284 3021 386 3076 mirum
405 3024 460 3090 est,
484 3022 555 3078 hae'o
573 3021 660 3078 uerba
677 3020 708 3077 in
727 3022 967 3079 demonstratione
991 3040 1026 3078 ne
1049 3025 1136 3080 uerbo

119 3092 234 3181 quidem
252 3093 368 3178 respici,
387 3093 490 3148 nedum
510 3094 741 3149 demonstrentur.
779 3111 864 3163 quare
883 3097 961 3164 pute,
980 3094 1068 3150 uerba
1087 3096 1137 3150 καὶ

118 3164 166 3219 αεὶ
180 3163 246 3233 περὶ
264 3184 331 3225 τους
344 3162 451 3234 ἄκρους
463 3166 547 3220 τοῦτο
562 3167 712 3238 συμβαίνει
725 3165 773 3219 lin.
789 3171 895 3221 20-21
911 3166 977 3220 ante
992 3165 1135 3222 Thoonem

119 3234 296 3304 interpolata
314 3250 387 3301 esse3
408 3234 504 3290 omisit
523 3235 680 3306 Campanus
699 3235 761 3300 VII,
781 3243 816 3291 28
835 3237 895 3306 (sed
914 3237 943 3291 in
963 3237 1137 3292 demonstra-

118 3306 198 3361 tione
218 3305 310 3360 addit:
337 3306 431 3375 sioque
451 3306 475 3360 si
493 3306 627 3362 infinitior
645 3308 793 3362 duceretur
815 3310 963 3378 utrumqne
987 3308 1137 3376 producto-

117 3395 180 3431 rum
207 3376 237 3430 in
265 3394 345 3431 snum
371 3377 553 3447 principium,
582 3380 674 3433 essent
702 3394 798 3433 omnes
826 3377 957 3448 producti
980 3380 1078 3434 eontra
1106 3395 1135 3434 se

118 3447 215 3574 pgimth
236 3449 265 3503 et
283 3465 340 3574 agn
357 3449 460 3518 solum,
485 3450 534 3503 sed
553 3450 673 3519 quilibet
692 3449 808 3505 ednotus
828 3449 863 3504 ab
883 3468 900 3505 a
923 3451 960 3505 ad
980 3450 1136 3520 quemlibet

118 3535 188 3574 eno
203 3536 288 3573 uma
324 3526 340 3573 t.

920 3609 974 3664 16*
