<?xml version="1.0" encoding="UTF-8"?>
<!DOCTYPE html PUBLIC "-//W3C//DTD XHTML 1.0 Transitional//EN"
    "http://www.w3.org/TR/xhtml1/DTD/xhtml1-transitional.dtd">
<html xmlns="http://www.w3.org/1999/xhtml" xml:lang="en" lang="en">
 <head>
  <title>
</title>
<meta http-equiv="Content-Type" content="text/html;charset=utf-8" />
  <meta name='ocr-system' content='tesseract 3.04.00' />
  <meta name='ocr-capabilities' content='ocr_page ocr_carea ocr_par ocr_line ocrx_word'/>
</head>
<body>
  <div class='ocr_page' id='page_1' title='image "./euclidisoperaom03unkngoog_0780.png"; bbox 0 0 2514 4012; ppageno 0'>
   <div class='ocr_carea' id='block_1_1' title="bbox 395 187 1160 277">
    <p class='ocr_par' dir='ltr' id='par_1_1' title="bbox 395 187 1160 277">
     <span class='ocr_line' id='line_1_1' title="bbox 395 187 1160 277; baseline 0.017 -13"><span class='ocrx_word' id='word_1_1' title='bbox 395 213 671 265; x_wconf 81' lang='lat' dir='ltr'>annumuuoaum</span> <span class='ocrx_word' id='word_1_2' title='bbox 688 213 798 264; x_wconf 75' lang='lat' dir='ltr'>arasa</span> <span class='ocrx_word' id='word_1_3' title='bbox 815 214 863 263; x_wconf 84' lang='lat' dir='ltr'>rx.</span> <span class='ocrx_word' id='word_1_4' title='bbox 1073 187 1160 277; x_wconf 45' lang='lat'>403*</span> 
     </span>
    </p>
   </div>
   <div class='ocr_carea' id='block_1_2' title="bbox 119 354 1139 1935">
    <p class='ocr_par' dir='ltr' id='par_1_2' title="bbox 122 354 1139 545">
     <span class='ocr_line' id='line_1_2' title="bbox 122 354 1139 440; baseline 0.002 -21"><span class='ocrx_word' id='word_1_5' title='bbox 122 355 273 438; x_wconf 78' lang='lat' dir='ltr'>plicando</span> <span class='ocrx_word' id='word_1_6' title='bbox 292 355 513 439; x_wconf 65' lang='lat' dir='ltr'>producantur</span> <span class='ocrx_word' id='word_1_7' title='bbox 535 359 573 439; x_wconf 99' lang='grc' dir='ltr'>Β,</span> <span class='ocrx_word' id='word_1_8' title='bbox 591 357 628 440; x_wconf 90' lang='grc' dir='ltr'>Γ,</span> <span class='ocrx_word' id='word_1_9' title='bbox 646 360 689 421; x_wconf 92' lang='grc' dir='ltr'>Δ.</span> <span class='ocrx_word' id='word_1_10' title='bbox 726 354 806 438; x_wconf 90' lang='lat' dir='ltr'>dico,</span> <span class='ocrx_word' id='word_1_11' title='bbox 828 375 979 420; x_wconf 86' lang='lat' dir='ltr'>numeros</span> <span class='ocrx_word' id='word_1_12' title='bbox 1001 358 1090 440; x_wconf 88' lang='grc' dir='ltr'>Β,Γ,</span> <span class='ocrx_word' id='word_1_13' title='bbox 1105 361 1139 421; x_wconf 98' lang='lat' dir='ltr'><em>A</em></span> 
     </span>
     <span class='ocr_line' id='line_1_3' title="bbox 618 460 1089 545; baseline 0.002 -20"><span class='ocrx_word' id='word_1_14' title='bbox 618 461 725 526; x_wconf 88' lang='lat' dir='ltr'>solum</span> <span class='ocrx_word' id='word_1_15' title='bbox 747 460 869 545; x_wconf 80' lang='lat' dir='ltr'>pariter</span> <span class='ocrx_word' id='word_1_16' title='bbox 892 481 986 544; x_wconf 84' lang='lat' dir='ltr'>pares</span> <span class='ocrx_word' id='word_1_17' title='bbox 1011 481 1089 528; x_wconf 83' lang='lat' dir='ltr'>csso.</span> 
     </span>
    </p>

    <p class='ocr_par' dir='ltr' id='par_1_3' title="bbox 685 566 1138 653">
     <span class='ocr_line' id='line_1_4' title="bbox 685 566 1138 653; baseline 0.007 -22"><span class='ocrx_word' id='word_1_18' title='bbox 685 568 752 632; x_wconf 87' lang='lat' dir='ltr'>iam</span> <span class='ocrx_word' id='word_1_19' title='bbox 768 566 914 650; x_wconf 81' lang='lat' dir='ltr'>singulos</span> <span class='ocrx_word' id='word_1_20' title='bbox 931 587 1085 632; x_wconf 84' lang='lat' dir='ltr'>numeros</span> <span class='ocrx_word' id='word_1_21' title='bbox 1100 571 1138 653; x_wconf 90' lang='grc' dir='ltr'>Β,</span> 
     </span>
    </p>

    <p class='ocr_par' dir='ltr' id='par_1_4' title="bbox 618 672 1138 759">
     <span class='ocr_line' id='line_1_5' title="bbox 618 672 1138 759; baseline -0.002 -20"><span class='ocrx_word' id='word_1_22' title='bbox 618 677 659 759; x_wconf 90' lang='grc' dir='ltr'>Γ,</span> <span class='ocrx_word' id='word_1_23' title='bbox 692 679 725 738; x_wconf 96' lang='lat' dir='ltr'><em>A</em></span> <span class='ocrx_word' id='word_1_24' title='bbox 761 672 883 757; x_wconf 69' lang='lat' dir='ltr'>pariter</span> <span class='ocrx_word' id='word_1_25' title='bbox 919 694 1014 755; x_wconf 86' lang='lat' dir='ltr'>pares</span> <span class='ocrx_word' id='word_1_26' title='bbox 1057 693 1138 759; x_wconf 85' lang='lat' dir='ltr'>asse,</span> 
     </span>
    </p>

    <p class='ocr_par' dir='ltr' id='par_1_5' title="bbox 554 778 1138 885">
     <span class='ocr_line' id='line_1_6' title="bbox 554 778 1138 885; baseline 0 -41"><span class='ocrx_word' id='word_1_27' title='bbox 554 847 558 885; x_wconf 60' lang='grc' dir='ltr'>Ι</span> <span class='ocrx_word' id='word_1_28' title='bbox 565 836 590 884; x_wconf 86' lang='lat' dir='ltr'><em>A</em></span> <span class='ocrx_word' id='word_1_29' title='bbox 619 778 831 844; x_wconf 77' lang='lat' dir='ltr'>manifestum</span> <span class='ocrx_word' id='word_1_30' title='bbox 840 783 899 845; x_wconf 78' lang='lat' dir='ltr'>cst.</span> <span class='ocrx_word' id='word_1_31' title='bbox 930 779 1138 844; x_wconf 90' lang='lat' dir='ltr'>namabina·</span> 
     </span>
    </p>

    <p class='ocr_par' dir='ltr' id='par_1_6' title="bbox 622 886 1138 972">
     <span class='ocr_line' id='line_1_7' title="bbox 622 886 1138 972; baseline 0.004 -22"><span class='ocrx_word' id='word_1_32' title='bbox 622 886 670 951; x_wconf 90' lang='lat' dir='ltr'>rio</span> <span class='ocrx_word' id='word_1_33' title='bbox 712 907 840 970; x_wconf 82' lang='lat' dir='ltr'>semper</span> <span class='ocrx_word' id='word_1_34' title='bbox 881 886 1138 972; x_wconf 90' lang='lat' dir='ltr'>conduplicando</span> 
     </span>
    </p>

    <p class='ocr_par' dir='ltr' id='par_1_7' title="bbox 123 992 1138 1078">
     <span class='ocr_line' id='line_1_8' title="bbox 123 992 1138 1078; baseline 0.001 -21"><span class='ocrx_word' id='word_1_35' title='bbox 123 993 273 1078; x_wconf 79' lang='lat' dir='ltr'>producti</span> <span class='ocrx_word' id='word_1_36' title='bbox 305 996 381 1057; x_wconf 76' lang='lat' dir='ltr'>suni</span> <span class='ocrx_word' id='word_1_37' title='bbox 414 992 492 1074; x_wconf 88' lang='lat' dir='ltr'>[VII</span> <span class='ocrx_word' id='word_1_38' title='bbox 515 992 577 1059; x_wconf 83' lang='lat' dir='ltr'>def.</span> <span class='ocrx_word' id='word_1_39' title='bbox 600 994 645 1074; x_wconf 88' lang='lat'>8].</span> <span class='ocrx_word' id='word_1_40' title='bbox 691 993 779 1078; x_wconf 92' lang='lat' dir='ltr'>dico,</span> <span class='ocrx_word' id='word_1_41' title='bbox 811 1015 866 1058; x_wconf 89' lang='lat' dir='ltr'>cos</span> <span class='ocrx_word' id='word_1_42' title='bbox 899 993 998 1058; x_wconf 74' lang='lat' dir='ltr'>etiam</span> <span class='ocrx_word' id='word_1_43' title='bbox 1031 994 1138 1060; x_wconf 85' lang='lat' dir='ltr'>solum</span> 
     </span>
    </p>

    <p class='ocr_par' dir='ltr' id='par_1_8' title="bbox 121 1100 1137 1184">
     <span class='ocr_line' id='line_1_9' title="bbox 121 1100 1137 1184; baseline 0.003 -21"><span class='ocrx_word' id='word_1_44' title='bbox 121 1100 243 1183; x_wconf 69' lang='lat' dir='ltr'>pariter</span> <span class='ocrx_word' id='word_1_45' title='bbox 270 1121 365 1182; x_wconf 83' lang='lat' dir='ltr'>pares</span> <span class='ocrx_word' id='word_1_46' title='bbox 394 1121 473 1164; x_wconf 84' lang='lat' dir='ltr'>csse.</span> <span class='ocrx_word' id='word_1_47' title='bbox 521 1102 668 1163; x_wconf 80' lang='lat' dir='ltr'><strong>sumatur</strong></span> <span class='ocrx_word' id='word_1_48' title='bbox 696 1100 783 1163; x_wconf 87' lang='lat' dir='ltr'>enim</span> <span class='ocrx_word' id='word_1_49' title='bbox 807 1101 925 1165; x_wconf 75' lang='lat' dir='ltr'>unitas.</span> <span class='ocrx_word' id='word_1_50' title='bbox 971 1100 1037 1165; x_wconf 91' lang='lat' dir='ltr'>iam</span> <span class='ocrx_word' id='word_1_51' title='bbox 1061 1122 1137 1184; x_wconf 91' lang='lat' dir='ltr'>quo·</span> 
     </span>
    </p>

    <p class='ocr_par' dir='ltr' id='par_1_9' title="bbox 120 1205 1133 1291">
     <span class='ocr_line' id='line_1_10' title="bbox 120 1205 1133 1291; baseline 0.003 -22"><span class='ocrx_word' id='word_1_52' title='bbox 120 1206 210 1269; x_wconf 91' lang='lat' dir='ltr'>niam</span> <span class='ocrx_word' id='word_1_53' title='bbox 233 1205 275 1269; x_wconf 88' lang='lat' dir='ltr'>ab</span> <span class='ocrx_word' id='word_1_54' title='bbox 298 1206 424 1270; x_wconf 77' lang='lat' dir='ltr'>unitate</span> <span class='ocrx_word' id='word_1_55' title='bbox 448 1205 610 1289; x_wconf 64' lang='lat' dir='ltr'>quotlibet</span> <span class='ocrx_word' id='word_1_56' title='bbox 632 1206 758 1270; x_wconf 86' lang='lat' dir='ltr'>numeri</span> <span class='ocrx_word' id='word_1_57' title='bbox 778 1206 930 1289; x_wconf 83' lang='lat' dir='ltr'>deinceps</span> <span class='ocrx_word' id='word_1_58' title='bbox 949 1208 1133 1291; x_wconf 77' lang='lat' dir='ltr'>proportio·</span> 
     </span>
    </p>

    <p class='ocr_par' dir='ltr' id='par_1_10' title="bbox 120 1312 1135 1396">
     <span class='ocr_line' id='line_1_11' title="bbox 120 1312 1135 1396; baseline 0.002 -21"><span class='ocrx_word' id='word_1_59' title='bbox 120 1312 212 1375; x_wconf 86' lang='lat' dir='ltr'>nalcs</span> <span class='ocrx_word' id='word_1_60' title='bbox 236 1315 327 1395; x_wconf 79' lang='lat' dir='ltr'>suut,</span> <span class='ocrx_word' id='word_1_61' title='bbox 350 1315 384 1377; x_wconf 78' lang='lat' dir='ltr'>ei</span> <span class='ocrx_word' id='word_1_62' title='bbox 405 1312 526 1377; x_wconf 67' lang='lat' dir='ltr'>uuidati</span> <span class='ocrx_word' id='word_1_63' title='bbox 549 1312 716 1396; x_wconf 86' lang='lat' dir='ltr'>proximus</span> <span class='ocrx_word' id='word_1_64' title='bbox 741 1317 772 1376; x_wconf 89' lang='lat' dir='ltr'><em>A</em></span> <span class='ocrx_word' id='word_1_65' title='bbox 795 1312 917 1395; x_wconf 87' lang='lat' dir='ltr'>primus</span> <span class='ocrx_word' id='word_1_66' title='bbox 941 1316 1005 1396; x_wconf 76' lang='lat' dir='ltr'>ost,</span> <span class='ocrx_word' id='word_1_67' title='bbox 1033 1314 1135 1378; x_wconf 88' lang='lat' dir='ltr'>maxi-</span> 
     </span>
    </p>

    <p class='ocr_par' dir='ltr' id='par_1_11' title="bbox 120 1418 1135 1503">
     <span class='ocr_line' id='line_1_12' title="bbox 120 1418 1135 1503; baseline 0.003 -21"><span class='ocrx_word' id='word_1_68' title='bbox 120 1440 210 1482; x_wconf 91' lang='lat' dir='ltr'>mum</span> <span class='ocrx_word' id='word_1_69' title='bbox 233 1439 442 1483; x_wconf 86' lang='lat' dir='ltr'>numerorum</span> <span class='ocrx_word' id='word_1_70' title='bbox 461 1424 501 1503; x_wconf 90' lang='lat' dir='ltr'><em>A,</em></span> <span class='ocrx_word' id='word_1_71' title='bbox 516 1422 554 1503; x_wconf 96' lang='grc' dir='ltr'>Β,</span> <span class='ocrx_word' id='word_1_72' title='bbox 568 1421 605 1502; x_wconf 92' lang='grc' dir='ltr'>Γ,</span> <span class='ocrx_word' id='word_1_73' title='bbox 620 1423 654 1483; x_wconf 98' lang='lat' dir='ltr'><em>A</em></span> <span class='ocrx_word' id='word_1_74' title='bbox 676 1440 846 1483; x_wconf 82' lang='lat' dir='ltr'>numerum</span> <span class='ocrx_word' id='word_1_75' title='bbox 866 1425 899 1484; x_wconf 96' lang='lat' dir='ltr'><em>A</em></span> <span class='ocrx_word' id='word_1_76' title='bbox 922 1418 1032 1485; x_wconf 90' lang='lat' dir='ltr'>nullus</span> <span class='ocrx_word' id='word_1_77' title='bbox 1051 1419 1135 1485; x_wconf 87' lang='lat' dir='ltr'>alius</span> 
     </span>
    </p>

    <p class='ocr_par' dir='ltr' id='par_1_12' title="bbox 120 1524 1135 1611">
     <span class='ocr_line' id='line_1_13' title="bbox 120 1524 1135 1611; baseline 0.001 -23"><span class='ocrx_word' id='word_1_78' title='bbox 120 1525 273 1589; x_wconf 74' lang='lat' dir='ltr'>metietur</span> <span class='ocrx_word' id='word_1_79' title='bbox 295 1530 422 1610; x_wconf 80' lang='lat' dir='ltr'>practer</span> <span class='ocrx_word' id='word_1_80' title='bbox 440 1532 482 1610; x_wconf 91' lang='lat' dir='ltr'><em>A,</em></span> <span class='ocrx_word' id='word_1_81' title='bbox 505 1529 543 1608; x_wconf 89' lang='grc' dir='ltr'>Β,</span> <span class='ocrx_word' id='word_1_82' title='bbox 567 1526 632 1605; x_wconf 89' lang='grc' dir='ltr'>Γ[</span> <span class='ocrx_word' id='word_1_83' title='bbox 619 1527 722 1609; x_wconf 87' lang='lat' dir='ltr'>[.prop</span> <span class='ocrx_word' id='word_1_84' title='bbox 741 1524 900 1607; x_wconf 88' lang='lat' dir='ltr'>XIII]</span> <span class='ocrx_word' id='word_1_85' title='bbox 884 1525 1060 1611; x_wconf 78' lang='lat' dir='ltr'>etsinguii</span> <span class='ocrx_word' id='word_1_86' title='bbox 1077 1547 1135 1589; x_wconf 94' lang='lat' dir='ltr'>nu-</span> 
     </span>
    </p>

    <p class='ocr_par' dir='ltr' id='par_1_13' title="bbox 120 1632 1135 1717">
     <span class='ocr_line' id='line_1_14' title="bbox 120 1632 1135 1717; baseline 0.002 -23"><span class='ocrx_word' id='word_1_87' title='bbox 120 1632 201 1694; x_wconf 86' lang='lat' dir='ltr'>meri</span> <span class='ocrx_word' id='word_1_88' title='bbox 224 1637 265 1715; x_wconf 89' lang='lat' dir='ltr'><em>A,</em></span> <span class='ocrx_word' id='word_1_89' title='bbox 287 1635 326 1715; x_wconf 90' lang='lat' dir='ltr'>B,</span> <span class='ocrx_word' id='word_1_90' title='bbox 350 1635 383 1697; x_wconf 91' lang='grc' dir='ltr'><strong><em>Γ</em></strong></span> <span class='ocrx_word' id='word_1_91' title='bbox 398 1653 493 1716; x_wconf 82' lang='lat' dir='ltr'>paros</span> <span class='ocrx_word' id='word_1_92' title='bbox 519 1638 604 1695; x_wconf 75' lang='lat' dir='ltr'>sunt.</span> <span class='ocrx_word' id='word_1_93' title='bbox 642 1652 720 1717; x_wconf 80' lang='lat' dir='ltr'>crgo</span> <span class='ocrx_word' id='word_1_94' title='bbox 746 1636 779 1694; x_wconf 93' lang='lat' dir='ltr'><em>A</em></span> <span class='ocrx_word' id='word_1_95' title='bbox 802 1633 906 1696; x_wconf 88' lang='lat' dir='ltr'>solum</span> <span class='ocrx_word' id='word_1_96' title='bbox 929 1632 1052 1717; x_wconf 78' lang='lat' dir='ltr'>pariter</span> <span class='ocrx_word' id='word_1_97' title='bbox 1074 1653 1135 1715; x_wconf 90' lang='lat' dir='ltr'>par</span> 
     </span>
    </p>

    <p class='ocr_par' dir='ltr' id='par_1_14' title="bbox 121 1682 1135 1822">
     <span class='ocr_line' id='line_1_15' title="bbox 121 1682 1135 1822; baseline 0.001 -21"><span class='ocrx_word' id='word_1_98' title='bbox 121 1741 170 1801; x_wconf 79' lang='lat' dir='ltr'>est</span> <span class='ocrx_word' id='word_1_99' title='bbox 186 1682 265 1818; x_wconf 86' lang='lat' dir='ltr'>[VII</span> <span class='ocrx_word' id='word_1_100' title='bbox 275 1737 336 1803; x_wconf 83' lang='lat' dir='ltr'>def.</span> <span class='ocrx_word' id='word_1_101' title='bbox 345 1739 388 1819; x_wconf 88' lang='lat'>8].</span> <span class='ocrx_word' id='word_1_102' title='bbox 412 1738 526 1802; x_wconf 82' lang='lat' dir='ltr'>simssit</span> <span class='ocrx_word' id='word_1_103' title='bbox 527 1760 562 1802; x_wconf 86' lang='lat' dir='ltr'>cr</span> <span class='ocrx_word' id='word_1_104' title='bbox 576 1737 882 1822; x_wconf 76' lang='lat' dir='ltr'>demonstrabimus,</span> <span class='ocrx_word' id='word_1_105' title='bbox 897 1739 996 1802; x_wconf 77' lang='lat' dir='ltr'>ctiam</span> <span class='ocrx_word' id='word_1_106' title='bbox 1010 1740 1135 1802; x_wconf 76' lang='lat' dir='ltr'>utrum-</span> 
     </span>
    </p>

    <p class='ocr_par' dir='ltr' id='par_1_15' title="bbox 119 1844 1134 1935">
     <span class='ocr_line' id='line_1_16' title="bbox 119 1844 1134 1935; baseline 0.002 -28"><span class='ocrx_word' id='word_1_107' title='bbox 119 1864 181 1929; x_wconf 90' lang='lat' dir='ltr'>quc</span> <span class='ocrx_word' id='word_1_108' title='bbox 196 1847 235 1927; x_wconf 94' lang='grc' dir='ltr'>Β,</span> <span class='ocrx_word' id='word_1_109' title='bbox 249 1845 283 1908; x_wconf 90' lang='grc' dir='ltr'><strong><em>Γ</em></strong></span> <span class='ocrx_word' id='word_1_110' title='bbox 301 1845 404 1909; x_wconf 87' lang='lat' dir='ltr'>solum</span> <span class='ocrx_word' id='word_1_111' title='bbox 428 1845 552 1935; x_wconf 76' lang='lat' dir='ltr'>pariter</span> <span class='ocrx_word' id='word_1_112' title='bbox 573 1867 685 1928; x_wconf 87' lang='lat' dir='ltr'>parem</span> <span class='ocrx_word' id='word_1_113' title='bbox 704 1866 787 1927; x_wconf 70' lang='lat' dir='ltr'>casu,</span> <span class='ocrx_word' id='word_1_114' title='bbox 811 1844 897 1929; x_wconf 91' lang='lat' dir='ltr'>quod</span> <span class='ocrx_word' id='word_1_115' title='bbox 916 1847 986 1910; x_wconf 78' lang='lat' dir='ltr'>erac</span> <span class='ocrx_word' id='word_1_116' title='bbox 1005 1844 1134 1911; x_wconf 85' lang='lat' dir='ltr'>demun·</span> 
     </span>
    </p>
   </div>
   <div class='ocr_carea' id='block_1_3' title="bbox 120 1950 300 2014">
    <p class='ocr_par' dir='ltr' id='par_1_16' title="bbox 120 1950 300 2014">
     <span class='ocr_line' id='line_1_17' title="bbox 120 1950 300 2014; baseline -0.006 0"><span class='ocrx_word' id='word_1_117' title='bbox 120 1950 300 2014; x_wconf 80' lang='lat' dir='ltr'>strandum.</span> 
     </span>
    </p>
   </div>
   <div class='ocr_carea' id='block_1_4' title="bbox 550 2037 703 2103">
    <p class='ocr_par' dir='ltr' id='par_1_17' title="bbox 550 2037 703 2103">
     <span class='ocr_line' id='line_1_18' title="bbox 550 2037 703 2103; baseline 0 0"><span class='ocrx_word' id='word_1_118' title='bbox 550 2037 703 2103; x_wconf 89' lang='lat' dir='ltr'>XXXIII.</span> 
     </span>
    </p>
   </div>
   <div class='ocr_carea' id='block_1_5' title="bbox 188 2143 1231 2229">
    <p class='ocr_par' dir='ltr' id='par_1_18' title="bbox 188 2143 1231 2229">
     <span class='ocr_line' id='line_1_19' title="bbox 188 2143 1231 2229; baseline 0.002 -20"><span class='ocrx_word' id='word_1_119' title='bbox 188 2143 222 2209; x_wconf 86' lang='lat' dir='ltr'>Si</span> <span class='ocrx_word' id='word_1_120' title='bbox 249 2165 403 2208; x_wconf 84' lang='lat' dir='ltr'>numerus</span> <span class='ocrx_word' id='word_1_121' title='bbox 427 2144 544 2228; x_wconf 89' lang='lat' dir='ltr'>aliquis</span> <span class='ocrx_word' id='word_1_122' title='bbox 567 2143 736 2209; x_wconf 89' lang='lat' dir='ltr'>dimidium</span> <span class='ocrx_word' id='word_1_123' title='bbox 759 2145 919 2229; x_wconf 86' lang='lat' dir='ltr'>imparem</span> <span class='ocrx_word' id='word_1_124' title='bbox 940 2143 1055 2229; x_wconf 76' lang='lat' dir='ltr'>habet,</span> <span class='ocrx_word' id='word_1_125' title='bbox 1083 2167 1133 2211; x_wconf 88' lang='lat' dir='ltr'>su·</span> <span class='ocrx_word' id='word_1_126' title='bbox 1228 2150 1231 2155; x_wconf 81' lang='lat'>&#39;</span> 
     </span>
    </p>
   </div>
   <div class='ocr_carea' id='block_1_6' title="bbox 83 2250 1133 2444">
    <p class='ocr_par' dir='ltr' id='par_1_19' title="bbox 83 2250 1133 2444">
     <span class='ocr_line' id='line_1_20' title="bbox 83 2250 546 2336; baseline -0.002 -20"><span class='ocrx_word' id='word_1_127' title='bbox 83 2297 87 2303; x_wconf 89' lang='lat'>-</span> <span class='ocrx_word' id='word_1_128' title='bbox 118 2253 187 2316; x_wconf 90' lang='lat' dir='ltr'>lum</span> <span class='ocrx_word' id='word_1_129' title='bbox 211 2252 334 2336; x_wconf 76' lang='lat' dir='ltr'>pariter</span> <span class='ocrx_word' id='word_1_130' title='bbox 357 2250 464 2336; x_wconf 81' lang='lat' dir='ltr'>impar</span> <span class='ocrx_word' id='word_1_131' title='bbox 487 2253 546 2315; x_wconf 75' lang='lat' dir='ltr'>est.</span> 
     </span>
     <span class='ocr_line' id='line_1_21' title="bbox 186 2357 1133 2444; baseline 0.002 -22"><span class='ocrx_word' id='word_1_132' title='bbox 186 2357 272 2422; x_wconf 89' lang='lat' dir='ltr'>Nam</span> <span class='ocrx_word' id='word_1_133' title='bbox 294 2380 446 2422; x_wconf 85' lang='lat' dir='ltr'>numerus</span> <span class='ocrx_word' id='word_1_134' title='bbox 470 2363 502 2423; x_wconf 90' lang='lat' dir='ltr'><em>A</em></span> <span class='ocrx_word' id='word_1_135' title='bbox 525 2358 694 2424; x_wconf 90' lang='lat' dir='ltr'>dimidium</span> <span class='ocrx_word' id='word_1_136' title='bbox 715 2358 838 2424; x_wconf 73' lang='lat' dir='ltr'>habeat</span> <span class='ocrx_word' id='word_1_137' title='bbox 860 2359 1028 2444; x_wconf 86' lang='lat' dir='ltr'>imparem.</span> <span class='ocrx_word' id='word_1_138' title='bbox 1052 2359 1133 2443; x_wconf 93' lang='lat' dir='ltr'>dico,</span> 
     </span>
    </p>
   </div>
   <div class='ocr_carea' id='block_1_7' title="bbox 504 2495 729 2603">
    <p class='ocr_par' dir='ltr' id='par_1_20' title="bbox 504 2495 729 2603">
     <span class='ocr_line' id='line_1_22' title="bbox 504 2495 729 2603; baseline 0.013 -3"><span class='ocrx_word' id='word_1_139' title='bbox 504 2495 729 2603; x_wconf 51' lang='lat' dir='ltr'>&#39;‘i—‘⁴</span> 
     </span>
    </p>
   </div>
   <div class='ocr_carea' id='block_1_8' title="bbox 117 2675 1133 3505">
    <p class='ocr_par' dir='ltr' id='par_1_21' title="bbox 117 2675 1133 3505">
     <span class='ocr_line' id='line_1_23' title="bbox 119 2675 1133 2760; baseline 0.003 -23"><span class='ocrx_word' id='word_1_140' title='bbox 119 2696 289 2738; x_wconf 86' lang='lat' dir='ltr'>numerum</span> <span class='ocrx_word' id='word_1_141' title='bbox 308 2680 340 2739; x_wconf 90' lang='lat' dir='ltr'><em>A</em></span> <span class='ocrx_word' id='word_1_142' title='bbox 363 2675 470 2740; x_wconf 89' lang='lat' dir='ltr'>solum</span> <span class='ocrx_word' id='word_1_143' title='bbox 493 2676 617 2760; x_wconf 77' lang='lat' dir='ltr'>pariter</span> <span class='ocrx_word' id='word_1_144' title='bbox 639 2676 797 2760; x_wconf 86' lang='lat' dir='ltr'>imparem</span> <span class='ocrx_word' id='word_1_145' title='bbox 821 2697 899 2740; x_wconf 86' lang='lat' dir='ltr'>esse.</span> <span class='ocrx_word' id='word_1_146' title='bbox 922 2676 989 2740; x_wconf 90' lang='lat' dir='ltr'>iam</span> <span class='ocrx_word' id='word_1_147' title='bbox 1011 2677 1133 2759; x_wconf 78' lang='lat' dir='ltr'>pariter</span> 
     </span>
     <span class='ocr_line' id='line_1_24' title="bbox 118 2781 1133 2867; baseline 0.001 -23"><span class='ocrx_word' id='word_1_148' title='bbox 118 2781 275 2865; x_wconf 88' lang='lat' dir='ltr'>imparem</span> <span class='ocrx_word' id='word_1_149' title='bbox 295 2803 368 2845; x_wconf 91' lang='lat' dir='ltr'>cum</span> <span class='ocrx_word' id='word_1_150' title='bbox 389 2803 468 2866; x_wconf 87' lang='lat' dir='ltr'>esse,</span> <span class='ocrx_word' id='word_1_151' title='bbox 487 2782 693 2847; x_wconf 70' lang='lat' dir='ltr'>manifestum</span> <span class='ocrx_word' id='word_1_152' title='bbox 716 2786 777 2867; x_wconf 79' lang='lat' dir='ltr'>est3</span> <span class='ocrx_word' id='word_1_153' title='bbox 795 2804 872 2846; x_wconf 90' lang='lat' dir='ltr'>nam</span> <span class='ocrx_word' id='word_1_154' title='bbox 888 2782 1040 2847; x_wconf 90' lang='lat' dir='ltr'>dimidius</span> <span class='ocrx_word' id='word_1_155' title='bbox 1055 2781 1133 2866; x_wconf 88' lang='lat' dir='ltr'>cius,</span> 
     </span>
     <span class='ocr_line' id='line_1_25' title="bbox 121 2887 1133 2975; baseline 0.004 -23"><span class='ocrx_word' id='word_1_156' title='bbox 121 2889 176 2972; x_wconf 93' lang='lat' dir='ltr'>qui</span> <span class='ocrx_word' id='word_1_157' title='bbox 198 2889 304 2972; x_wconf 90' lang='lat' dir='ltr'>impar</span> <span class='ocrx_word' id='word_1_158' title='bbox 326 2893 387 2973; x_wconf 79' lang='lat' dir='ltr'>cst,</span> <span class='ocrx_word' id='word_1_159' title='bbox 410 2910 483 2953; x_wconf 88' lang='lat' dir='ltr'>cum</span> <span class='ocrx_word' id='word_1_160' title='bbox 507 2890 630 2972; x_wconf 80' lang='lat' dir='ltr'>pariter</span> <span class='ocrx_word' id='word_1_161' title='bbox 653 2889 788 2954; x_wconf 79' lang='lat' dir='ltr'>metitur</span> <span class='ocrx_word' id='word_1_162' title='bbox 806 2887 884 2970; x_wconf 92' lang='lat' dir='ltr'>[VII</span> <span class='ocrx_word' id='word_1_163' title='bbox 899 2887 960 2952; x_wconf 85' lang='lat' dir='ltr'>def.</span> <span class='ocrx_word' id='word_1_164' title='bbox 975 2889 1019 2970; x_wconf 85' lang='lat'>9].</span> <span class='ocrx_word' id='word_1_165' title='bbox 1052 2889 1133 2975; x_wconf 81' lang='lat' dir='ltr'>dico,</span> 
     </span>
     <span class='ocr_line' id='line_1_26' title="bbox 119 2995 1132 3080; baseline 0.004 -23"><span class='ocrx_word' id='word_1_166' title='bbox 119 3014 192 3057; x_wconf 88' lang='lat' dir='ltr'>cum</span> <span class='ocrx_word' id='word_1_167' title='bbox 220 2995 318 3060; x_wconf 75' lang='lat' dir='ltr'>etiam</span> <span class='ocrx_word' id='word_1_168' title='bbox 347 2996 454 3061; x_wconf 89' lang='lat' dir='ltr'>solum</span> <span class='ocrx_word' id='word_1_169' title='bbox 482 2995 606 3080; x_wconf 77' lang='lat' dir='ltr'>pariicr</span> <span class='ocrx_word' id='word_1_170' title='bbox 632 2997 789 3080; x_wconf 82' lang='lat' dir='ltr'>imparem</span> <span class='ocrx_word' id='word_1_171' title='bbox 818 3017 899 3060; x_wconf 87' lang='lat' dir='ltr'>osse.</span> <span class='ocrx_word' id='word_1_172' title='bbox 943 3017 1020 3060; x_wconf 90' lang='lat' dir='ltr'>nam</span> <span class='ocrx_word' id='word_1_173' title='bbox 1049 2995 1078 3060; x_wconf 87' lang='lat' dir='ltr'>si</span> <span class='ocrx_word' id='word_1_174' title='bbox 1099 3003 1132 3062; x_wconf 90' lang='lat' dir='ltr'><em>A</em></span> 
     </span>
     <span class='ocr_line' id='line_1_27' title="bbox 118 3100 1131 3187; baseline 0.004 -25"><span class='ocrx_word' id='word_1_175' title='bbox 118 3100 215 3163; x_wconf 81' lang='lat' dir='ltr'>etiam</span> <span class='ocrx_word' id='word_1_176' title='bbox 244 3101 365 3184; x_wconf 79' lang='lat' dir='ltr'>pariter</span> <span class='ocrx_word' id='word_1_177' title='bbox 393 3124 453 3187; x_wconf 88' lang='lat' dir='ltr'>par</span> <span class='ocrx_word' id='word_1_178' title='bbox 481 3103 556 3185; x_wconf 78' lang='lat' dir='ltr'>orii,</span> <span class='ocrx_word' id='word_1_179' title='bbox 585 3123 646 3186; x_wconf 91' lang='lat' dir='ltr'>par</span> <span class='ocrx_word' id='word_1_180' title='bbox 674 3123 747 3166; x_wconf 88' lang='lat' dir='ltr'>eum</span> <span class='ocrx_word' id='word_1_181' title='bbox 774 3122 927 3165; x_wconf 85' lang='lat' dir='ltr'>numerus</span> <span class='ocrx_word' id='word_1_182' title='bbox 956 3101 1131 3167; x_wconf 86' lang='lat' dir='ltr'>secundum</span> 
     </span>
     <span class='ocr_line' id='line_1_28' title="bbox 117 3206 1131 3293; baseline 0.005 -26"><span class='ocrx_word' id='word_1_183' title='bbox 117 3227 229 3288; x_wconf 81' lang='lat' dir='ltr'>parom</span> <span class='ocrx_word' id='word_1_184' title='bbox 257 3228 427 3271; x_wconf 90' lang='lat' dir='ltr'>numerum</span> <span class='ocrx_word' id='word_1_185' title='bbox 455 3207 609 3272; x_wconf 71' lang='lat' dir='ltr'>metietur</span> <span class='ocrx_word' id='word_1_186' title='bbox 633 3206 712 3291; x_wconf 91' lang='lat' dir='ltr'>[VII</span> <span class='ocrx_word' id='word_1_187' title='bbox 735 3207 796 3271; x_wconf 83' lang='lat' dir='ltr'>def.</span> <span class='ocrx_word' id='word_1_188' title='bbox 814 3208 859 3287; x_wconf 80' lang='lat'>8].</span> <span class='ocrx_word' id='word_1_189' title='bbox 905 3229 1004 3293; x_wconf 89' lang='lat' dir='ltr'>quaro</span> <span class='ocrx_word' id='word_1_190' title='bbox 1032 3207 1131 3272; x_wconf 79' lang='lat' dir='ltr'>ctiam</span> 
     </span>
     <span class='ocr_line' id='line_1_29' title="bbox 119 3310 1130 3398; baseline 0.001 -23"><span class='ocrx_word' id='word_1_191' title='bbox 119 3310 289 3376; x_wconf 86' lang='lat' dir='ltr'>dimidium</span> <span class='ocrx_word' id='word_1_192' title='bbox 313 3313 391 3396; x_wconf 88' lang='lat' dir='ltr'>cius,</span> <span class='ocrx_word' id='word_1_193' title='bbox 414 3313 469 3397; x_wconf 90' lang='lat' dir='ltr'>qui</span> <span class='ocrx_word' id='word_1_194' title='bbox 493 3313 600 3398; x_wconf 87' lang='lat' dir='ltr'>impar</span> <span class='ocrx_word' id='word_1_195' title='bbox 623 3318 682 3396; x_wconf 82' lang='lat' dir='ltr'>est,</span> <span class='ocrx_word' id='word_1_196' title='bbox 705 3334 764 3397; x_wconf 89' lang='lat' dir='ltr'>par</span> <span class='ocrx_word' id='word_1_197' title='bbox 786 3334 940 3378; x_wconf 84' lang='lat' dir='ltr'>numerus</span> <span class='ocrx_word' id='word_1_198' title='bbox 964 3314 1130 3397; x_wconf 76' lang='lat' dir='ltr'>metictu13</span> 
     </span>
     <span class='ocr_line' id='line_1_30' title="bbox 118 3417 1130 3505; baseline 0.002 -23"><span class='ocrx_word' id='word_1_199' title='bbox 118 3418 202 3502; x_wconf 91' lang='lat' dir='ltr'>quod</span> <span class='ocrx_word' id='word_1_200' title='bbox 227 3417 401 3483; x_wconf 86' lang='lat' dir='ltr'>absurdum</span> <span class='ocrx_word' id='word_1_201' title='bbox 421 3422 478 3482; x_wconf 79' lang='lat' dir='ltr'>cst.</span> <span class='ocrx_word' id='word_1_202' title='bbox 517 3439 594 3503; x_wconf 83' lang='lat' dir='ltr'>crgo</span> <span class='ocrx_word' id='word_1_203' title='bbox 618 3425 650 3483; x_wconf 90' lang='lat' dir='ltr'><em>A</em></span> <span class='ocrx_word' id='word_1_204' title='bbox 674 3420 778 3484; x_wconf 85' lang='lat' dir='ltr'>solum</span> <span class='ocrx_word' id='word_1_205' title='bbox 801 3419 923 3503; x_wconf 78' lang='lat' dir='ltr'>paritor</span> <span class='ocrx_word' id='word_1_206' title='bbox 941 3420 1047 3504; x_wconf 87' lang='lat' dir='ltr'>impar</span> <span class='ocrx_word' id='word_1_207' title='bbox 1066 3423 1130 3505; x_wconf 73' lang='lat' dir='ltr'>cst,</span> 
     </span>
    </p>
   </div>
   <div class='ocr_carea' id='block_1_9' title="bbox 117 3523 970 3684">
    <p class='ocr_par' dir='ltr' id='par_1_22' title="bbox 117 3523 970 3684">
     <span class='ocr_line' id='line_1_31' title="bbox 117 3523 615 3609; baseline 0 -21"><span class='ocrx_word' id='word_1_208' title='bbox 117 3523 203 3609; x_wconf 90' lang='lat' dir='ltr'>quod</span> <span class='ocrx_word' id='word_1_209' title='bbox 227 3527 296 3589; x_wconf 78' lang='lat' dir='ltr'>crat</span> <span class='ocrx_word' id='word_1_210' title='bbox 319 3523 615 3590; x_wconf 78' lang='lat' dir='ltr'>demonstrandum.</span> 
     </span>
     <span class='ocr_line' id='line_1_32' title="bbox 915 3627 970 3684; baseline 0 0"><span class='ocrx_word' id='word_1_211' title='bbox 915 3627 970 3684; x_wconf 62' lang='lat'>26‘</span> 
     </span>
    </p>
   </div>
   <div class='ocr_carea' id='block_1_10' title="bbox 0 0 1262 4012">
    <p class='ocr_par' dir='ltr' id='par_1_23' title="bbox 0 0 1262 4012">
     <span class='ocr_line' id='line_1_33' title="bbox 0 0 1262 4012; baseline 0 2"><span class='ocrx_word' id='word_1_212' title='bbox 0 0 1262 4012; x_wconf 95' lang='lat' dir='ltr'> </span> 
     </span>
    </p>
   </div>
  </div>
 </body>
</html>
