<?xml version="1.0" encoding="UTF-8"?>
<!DOCTYPE html PUBLIC "-//W3C//DTD XHTML 1.0 Transitional//EN"
    "http://www.w3.org/TR/xhtml1/DTD/xhtml1-transitional.dtd">
<html xmlns="http://www.w3.org/1999/xhtml" xml:lang="en" lang="en">
 <head>
  <title>
</title>
<meta http-equiv="Content-Type" content="text/html;charset=utf-8" />
  <meta name='ocr-system' content='tesseract 3.04.00' />
  <meta name='ocr-capabilities' content='ocr_page ocr_carea ocr_par ocr_line ocrx_word'/>
</head>
<body>
  <div class='ocr_page' id='page_1' title='image "./euclidisoperaom03unkngoog_0204.png"; bbox 0 0 2514 4012; ppageno 0'>
   <div class='ocr_carea' id='block_1_1' title="bbox 377 205 1128 271">
    <p class='ocr_par' dir='ltr' id='par_1_1' title="bbox 377 205 1128 271">
     <span class='ocr_line' id='line_1_1' title="bbox 377 205 1128 271; baseline 0.001 -14"><span class='ocrx_word' id='word_1_1' title='bbox 377 205 653 258; x_wconf 75' lang='lat' dir='ltr'><strong>ELEMENTORUM</strong></span> <span class='ocrx_word' id='word_1_2' title='bbox 670 206 779 259; x_wconf 76' lang='lat' dir='ltr'>LIBER</span> <span class='ocrx_word' id='word_1_3' title='bbox 797 207 846 259; x_wconf 88' lang='grc' dir='ltr'><strong>ΙΙΙ.</strong></span> <span class='ocrx_word' id='word_1_4' title='bbox 939 256 945 266; x_wconf 85' lang='grc'><strong><em>,</em></strong></span> <span class='ocrx_word' id='word_1_5' title='bbox 1065 205 1128 271; x_wconf 79' lang='grc'><strong>187</strong></span> 
     </span>
    </p>
   </div>
   <div class='ocr_carea' id='block_1_2' title="bbox 116 348 1176 2241">
    <p class='ocr_par' dir='ltr' id='par_1_2' title="bbox 116 348 1134 541">
     <span class='ocr_line' id='line_1_2' title="bbox 116 348 1134 434; baseline 0.003 -22"><span class='ocrx_word' id='word_1_6' title='bbox 116 368 279 432; x_wconf 91' lang='lat' dir='ltr'><strong>quamque</strong></span> <span class='ocrx_word' id='word_1_7' title='bbox 292 348 446 414; x_wconf 85' lang='lat' dir='ltr'><strong>minimae</strong></span> <span class='ocrx_word' id='word_1_8' title='bbox 462 351 540 413; x_wconf 88' lang='grc' dir='ltr'><strong>ΔΗ</strong></span> <span class='ocrx_word' id='word_1_9' title='bbox 548 349 723 415; x_wconf 87' lang='lat' dir='ltr'><strong>remotiore</strong></span> <span class='ocrx_word' id='word_1_10' title='bbox 736 349 903 433; x_wconf 83' lang='lat' dir='ltr'>minorem,</span> <span class='ocrx_word' id='word_1_11' title='bbox 926 353 1000 415; x_wconf 92' lang='grc' dir='ltr'><strong>ΔΚ</strong></span> <span class='ocrx_word' id='word_1_12' title='bbox 1008 363 1043 424; x_wconf 95' lang='grc'>&lt;</span> <span class='ocrx_word' id='word_1_13' title='bbox 1056 354 1134 434; x_wconf 89' lang='grc' dir='ltr'><strong><em>ΔΛ,</em></strong></span> 
     </span>
     <span class='ocr_line' id='line_1_3' title="bbox 118 450 364 541; baseline 0 -24"><span class='ocrx_word' id='word_1_14' title='bbox 118 456 192 518; x_wconf 78' lang='grc' dir='ltr'><strong>ΔΛ</strong></span> <span class='ocrx_word' id='word_1_15' title='bbox 205 463 240 526; x_wconf 96' lang='grc'>&lt;</span> <span class='ocrx_word' id='word_1_16' title='bbox 254 450 364 541; x_wconf 53' lang='lat' dir='ltr'><strong>Aer)</strong></span> 
     </span>
    </p>

    <p class='ocr_par' dir='ltr' id='par_1_3' title="bbox 116 559 1135 963">
     <span class='ocr_line' id='line_1_4' title="bbox 185 559 1134 649; baseline 0.002 -23"><span class='ocrx_word' id='word_1_17' title='bbox 185 565 333 626; x_wconf 77' lang='lat' dir='ltr'><strong>sumatur</strong></span> <span class='ocrx_word' id='word_1_18' title='bbox 360 561 448 627; x_wconf 89' lang='lat' dir='ltr'><strong>enim</strong></span> <span class='ocrx_word' id='word_1_19' title='bbox 477 563 623 627; x_wconf 77' lang='lat' dir='ltr'><strong>nentrum</strong></span> <span class='ocrx_word' id='word_1_20' title='bbox 645 561 757 626; x_wconf 69' lang='lat' dir='ltr'><strong>cuculi</strong></span> <span class='ocrx_word' id='word_1_21' title='bbox 781 563 882 626; x_wconf 81' lang='grc' dir='ltr'><strong>ΑΒΓ</strong></span> <span class='ocrx_word' id='word_1_22' title='bbox 903 559 1005 649; x_wconf 85' lang='lat' dir='ltr'><strong>[prop.</strong></span> <span class='ocrx_word' id='word_1_23' title='bbox 1029 563 1058 644; x_wconf 93' lang='grc' dir='ltr'><strong>Ι]</strong></span> <span class='ocrx_word' id='word_1_24' title='bbox 1065 613 1074 647; x_wconf 98' lang='grc'><strong><em>,</em></strong></span> <span class='ocrx_word' id='word_1_25' title='bbox 1102 566 1134 628; x_wconf 90' lang='lat' dir='ltr'><strong>et</strong></span> 
     </span>
     <span class='ocr_line' id='line_1_5' title="bbox 116 666 1135 753; baseline 0.004 -22"><span class='ocrx_word' id='word_1_26' title='bbox 116 666 163 731; x_wconf 92' lang='lat' dir='ltr'><strong>sit</strong></span> <span class='ocrx_word' id='word_1_27' title='bbox 183 669 232 732; x_wconf 88' lang='lat' dir='ltr'><strong>M.</strong></span> <span class='ocrx_word' id='word_1_28' title='bbox 278 669 312 730; x_wconf 92' lang='lat' dir='ltr'><strong>et</strong></span> <span class='ocrx_word' id='word_1_29' title='bbox 333 666 494 733; x_wconf 76' lang='lat' dir='ltr'>ducantur</span> <span class='ocrx_word' id='word_1_30' title='bbox 521 670 603 751; x_wconf 98' lang='grc' dir='ltr'><strong><em>ΜΕ,</em></strong></span> <span class='ocrx_word' id='word_1_31' title='bbox 626 670 707 751; x_wconf 94' lang='grc' dir='ltr'><strong><em>ΜΖ,</em></strong></span> <span class='ocrx_word' id='word_1_32' title='bbox 730 669 812 752; x_wconf 91' lang='grc' dir='ltr'><strong><em>ΜΓ,</em></strong></span> <span class='ocrx_word' id='word_1_33' title='bbox 834 671 921 752; x_wconf 90' lang='grc' dir='ltr'><strong><em>ΜΚ,</em></strong></span> <span class='ocrx_word' id='word_1_34' title='bbox 944 672 1029 753; x_wconf 84' lang='grc' dir='ltr'><strong><em>ΜΔ,</em></strong></span> <span class='ocrx_word' id='word_1_35' title='bbox 1051 674 1135 735; x_wconf 82' lang='grc' dir='ltr'><strong>ΜΘ.</strong></span> 
     </span>
     <span class='ocr_line' id='line_1_6' title="bbox 119 773 1135 857; baseline 0.004 -20"><span class='ocrx_word' id='word_1_36' title='bbox 119 775 153 836; x_wconf 91' lang='lat' dir='ltr'><strong>et</strong></span> <span class='ocrx_word' id='word_1_37' title='bbox 181 773 335 857; x_wconf 90' lang='lat' dir='ltr'><strong>quoniam</strong></span> <span class='ocrx_word' id='word_1_38' title='bbox 362 776 440 838; x_wconf 86' lang='lat' dir='ltr'><strong>AM</strong></span> <span class='ocrx_word' id='word_1_39' title='bbox 449 804 492 827; x_wconf 87' lang='lat'><em>=</em></span> <span class='ocrx_word' id='word_1_40' title='bbox 508 776 596 857; x_wconf 84' lang='lat' dir='ltr'><strong>EM,</strong></span> <span class='ocrx_word' id='word_1_41' title='bbox 633 773 814 839; x_wconf 86' lang='lat' dir='ltr'><strong>eommunis</strong></span> <span class='ocrx_word' id='word_1_42' title='bbox 848 773 1019 840; x_wconf 85' lang='lat' dir='ltr'><strong>adiioiatur</strong></span> <span class='ocrx_word' id='word_1_43' title='bbox 1048 779 1135 841; x_wconf 84' lang='lat' dir='ltr'><strong>MA.</strong></span> 
     </span>
     <span class='ocr_line' id='line_1_7' title="bbox 119 879 790 963; baseline 0.006 -21"><span class='ocrx_word' id='word_1_44' title='bbox 119 879 230 963; x_wconf 86' lang='lat' dir='ltr'><strong>itaque</strong></span> <span class='ocrx_word' id='word_1_45' title='bbox 253 885 326 944; x_wconf 89' lang='grc' dir='ltr'><strong>ΑΔ</strong></span> <span class='ocrx_word' id='word_1_46' title='bbox 340 910 382 934; x_wconf 87' lang='lat'><strong>==</strong></span> <span class='ocrx_word' id='word_1_47' title='bbox 398 884 478 945; x_wconf 85' lang='lat' dir='ltr'><strong>EM</strong></span> <span class='ocrx_word' id='word_1_48' title='bbox 488 882 528 963; x_wconf 70' lang='grc' dir='ltr'><strong>-λ-</strong></span> <span class='ocrx_word' id='word_1_49' title='bbox 545 883 632 946; x_wconf 92' lang='grc' dir='ltr'><strong>ΜΔ.</strong></span> <span class='ocrx_word' id='word_1_50' title='bbox 678 901 790 946; x_wconf 89' lang='lat' dir='ltr'><strong>uerum</strong></span> 
     </span>
    </p>

    <p class='ocr_par' dir='ltr' id='par_1_4' title="bbox 376 985 876 1068">
     <span class='ocr_line' id='line_1_8' title="bbox 376 985 876 1068; baseline 0.004 -18"><span class='ocrx_word' id='word_1_51' title='bbox 376 989 455 1050; x_wconf 89' lang='grc' dir='ltr'><strong>ΕΜ</strong></span> <span class='ocrx_word' id='word_1_52' title='bbox 465 987 505 1068; x_wconf 71' lang='grc' dir='ltr'><strong>-λ-</strong></span> <span class='ocrx_word' id='word_1_53' title='bbox 522 989 601 1050; x_wconf 94' lang='grc' dir='ltr'><strong>ΜΔ</strong></span> <span class='ocrx_word' id='word_1_54' title='bbox 614 996 649 1061; x_wconf 96' lang='grc'>&gt;</span> <span class='ocrx_word' id='word_1_55' title='bbox 663 989 732 1050; x_wconf 89' lang='grc' dir='ltr'><strong>ΕΔ</strong></span> <span class='ocrx_word' id='word_1_56' title='bbox 756 985 793 1068; x_wconf 86' lang='grc'><strong>[1,</strong></span> <span class='ocrx_word' id='word_1_57' title='bbox 808 987 876 1068; x_wconf 84' lang='grc'><strong>20].</strong></span> 
     </span>
    </p>

    <p class='ocr_par' dir='ltr' id='par_1_5' title="bbox 117 1092 1135 1603">
     <span class='ocr_line' id='line_1_9' title="bbox 117 1092 1135 1177; baseline 0.002 -21"><span class='ocrx_word' id='word_1_58' title='bbox 117 1113 218 1176; x_wconf 87' lang='lat' dir='ltr'><strong>quare</strong></span> <span class='ocrx_word' id='word_1_59' title='bbox 242 1092 341 1157; x_wconf 85' lang='lat' dir='ltr'><strong>etiam</strong></span> <span class='ocrx_word' id='word_1_60' title='bbox 355 1096 387 1156; x_wconf 83' lang='lat' dir='ltr'><em>A</em></span> <span class='ocrx_word' id='word_1_61' title='bbox 392 1096 426 1156; x_wconf 83' lang='lat' dir='ltr'><em>A</em></span> <span class='ocrx_word' id='word_1_62' title='bbox 439 1102 474 1166; x_wconf 96' lang='grc'>&gt;</span> <span class='ocrx_word' id='word_1_63' title='bbox 489 1096 566 1158; x_wconf 92' lang='grc' dir='ltr'><strong>ΕΔ.</strong></span> <span class='ocrx_word' id='word_1_64' title='bbox 601 1113 715 1157; x_wconf 88' lang='lat' dir='ltr'><strong>rursus</strong></span> <span class='ocrx_word' id='word_1_65' title='bbox 738 1092 894 1177; x_wconf 86' lang='lat' dir='ltr'><strong>quoniam</strong></span> <span class='ocrx_word' id='word_1_66' title='bbox 916 1096 992 1158; x_wconf 90' lang='grc' dir='ltr'><strong>ΜΕ</strong></span> <span class='ocrx_word' id='word_1_67' title='bbox 1000 1123 1042 1146; x_wconf 85' lang='lat'><strong>==</strong></span> <span class='ocrx_word' id='word_1_68' title='bbox 1053 1097 1135 1177; x_wconf 93' lang='grc' dir='ltr'><strong>ΜΖ,</strong></span> 
     </span>
     <span class='ocr_line' id='line_1_10' title="bbox 117 1198 1134 1285; baseline 0.003 -22"><span class='ocrx_word' id='word_1_69' title='bbox 117 1202 152 1263; x_wconf 88' lang='lat' dir='ltr'><strong>et</strong></span> <span class='ocrx_word' id='word_1_70' title='bbox 174 1198 355 1264; x_wconf 85' lang='lat' dir='ltr'><strong>eommunis</strong></span> <span class='ocrx_word' id='word_1_71' title='bbox 378 1202 429 1263; x_wconf 88' lang='lat' dir='ltr'><strong>est</strong></span> <span class='ocrx_word' id='word_1_72' title='bbox 451 1201 543 1277; x_wconf 89' lang='grc' dir='ltr'><strong><em>ΜΔ,</em></strong></span> <span class='ocrx_word' id='word_1_73' title='bbox 567 1201 661 1263; x_wconf 90' lang='lat' dir='ltr'><strong>erunt</strong></span> <span class='ocrx_word' id='word_1_74' title='bbox 684 1202 767 1279; x_wconf 92' lang='grc' dir='ltr'><strong>ΕΜ,</strong></span> <span class='ocrx_word' id='word_1_75' title='bbox 789 1201 868 1263; x_wconf 93' lang='grc' dir='ltr'><strong>ΜΔ</strong></span> <span class='ocrx_word' id='word_1_76' title='bbox 891 1202 924 1263; x_wconf 90' lang='lat' dir='ltr'><strong>et</strong></span> <span class='ocrx_word' id='word_1_77' title='bbox 947 1204 1033 1285; x_wconf 92' lang='grc' dir='ltr'><strong>ΖΜ,</strong></span> <span class='ocrx_word' id='word_1_78' title='bbox 1055 1204 1134 1266; x_wconf 95' lang='grc' dir='ltr'><strong>ΜΔ</strong></span> 
     </span>
     <span class='ocr_line' id='line_1_11' title="bbox 117 1301 1134 1392; baseline 0.002 -22"><span class='ocrx_word' id='word_1_79' title='bbox 117 1301 311 1392; x_wconf 75' lang='lat' dir='ltr'><strong>aequales.²)</strong></span> <span class='ocrx_word' id='word_1_80' title='bbox 356 1307 390 1369; x_wconf 89' lang='lat' dir='ltr'><strong>et</strong></span> <span class='ocrx_word' id='word_1_81' title='bbox 411 1309 433 1380; x_wconf 79' lang='lat' dir='ltr'><em>L</em></span> <span class='ocrx_word' id='word_1_82' title='bbox 452 1307 566 1368; x_wconf 89' lang='grc' dir='ltr'><strong>ΕΜΔ</strong></span> <span class='ocrx_word' id='word_1_83' title='bbox 583 1313 619 1377; x_wconf 94' lang='grc'>&gt;</span> <span class='ocrx_word' id='word_1_84' title='bbox 634 1307 753 1368; x_wconf 88' lang='grc' dir='ltr'><strong><em>ΖΜΔ.</em></strong></span> <span class='ocrx_word' id='word_1_85' title='bbox 795 1304 907 1389; x_wconf 84' lang='lat' dir='ltr'><strong>itaque</strong></span> <span class='ocrx_word' id='word_1_86' title='bbox 929 1309 999 1369; x_wconf 89' lang='grc' dir='ltr'><strong>ΕΔ</strong></span> <span class='ocrx_word' id='word_1_87' title='bbox 1012 1316 1048 1380; x_wconf 94' lang='grc'>&gt;</span> <span class='ocrx_word' id='word_1_88' title='bbox 1068 1311 1134 1372; x_wconf 93' lang='grc' dir='ltr'><strong>ΖΔ</strong></span> 
     </span>
     <span class='ocr_line' id='line_1_12' title="bbox 119 1409 1135 1495; baseline 0.003 -19"><span class='ocrx_word' id='word_1_89' title='bbox 119 1410 158 1495; x_wconf 95' lang='grc' dir='ltr'><strong>[Ι,</strong></span> <span class='ocrx_word' id='word_1_90' title='bbox 168 1411 236 1493; x_wconf 88' lang='grc'><strong>24].</strong></span> <span class='ocrx_word' id='word_1_91' title='bbox 260 1410 409 1476; x_wconf 90' lang='lat' dir='ltr'><strong>similiter</strong></span> <span class='ocrx_word' id='word_1_92' title='bbox 423 1409 728 1494; x_wconf 78' lang='lat' dir='ltr'><strong>demonstrabimus,</strong></span> <span class='ocrx_word' id='word_1_93' title='bbox 741 1431 812 1476; x_wconf 87' lang='lat' dir='ltr'><strong>esse</strong></span> <span class='ocrx_word' id='word_1_94' title='bbox 830 1410 931 1476; x_wconf 87' lang='lat' dir='ltr'><strong>etiam</strong></span> <span class='ocrx_word' id='word_1_95' title='bbox 942 1415 1053 1487; x_wconf 91' lang='grc' dir='ltr'><strong>ΖΔ&gt;</strong></span> <span class='ocrx_word' id='word_1_96' title='bbox 1063 1416 1135 1480; x_wconf 89' lang='grc' dir='ltr'><strong>ΓΔ.</strong></span> 
     </span>
     <span class='ocr_line' id='line_1_13' title="bbox 117 1516 1058 1603; baseline 0.003 -20"><span class='ocrx_word' id='word_1_97' title='bbox 117 1539 196 1603; x_wconf 83' lang='lat' dir='ltr'><strong>ergo</strong></span> <span class='ocrx_word' id='word_1_98' title='bbox 218 1516 361 1582; x_wconf 86' lang='lat' dir='ltr'><strong>maxima</strong></span> <span class='ocrx_word' id='word_1_99' title='bbox 384 1520 434 1581; x_wconf 88' lang='lat' dir='ltr'><strong>est</strong></span> <span class='ocrx_word' id='word_1_100' title='bbox 458 1520 541 1601; x_wconf 83' lang='lat' dir='ltr'><strong>AA,</strong></span> <span class='ocrx_word' id='word_1_101' title='bbox 564 1519 597 1582; x_wconf 89' lang='lat' dir='ltr'><strong>et</strong></span> <span class='ocrx_word' id='word_1_102' title='bbox 620 1520 691 1581; x_wconf 90' lang='grc' dir='ltr'><strong>ΔΕ</strong></span> <span class='ocrx_word' id='word_1_103' title='bbox 702 1525 737 1590; x_wconf 96' lang='grc'>&gt;</span> <span class='ocrx_word' id='word_1_104' title='bbox 752 1520 828 1596; x_wconf 91' lang='grc' dir='ltr'><strong><em>ΔΖ,</em></strong></span> <span class='ocrx_word' id='word_1_105' title='bbox 852 1521 919 1582; x_wconf 96' lang='grc' dir='ltr'><strong>ΔΖ</strong></span> <span class='ocrx_word' id='word_1_106' title='bbox 931 1528 967 1592; x_wconf 95' lang='grc'>&gt;</span> <span class='ocrx_word' id='word_1_107' title='bbox 982 1522 1058 1586; x_wconf 90' lang='grc' dir='ltr'><strong>ΔΓ.</strong></span> 
     </span>
    </p>

    <p class='ocr_par' dir='ltr' id='par_1_6' title="bbox 185 1623 988 1708">
     <span class='ocr_line' id='line_1_14' title="bbox 185 1623 988 1708; baseline 0.002 -20"><span class='ocrx_word' id='word_1_108' title='bbox 185 1627 219 1689; x_wconf 91' lang='lat' dir='ltr'><strong>et</strong></span> <span class='ocrx_word' id='word_1_109' title='bbox 238 1623 394 1707; x_wconf 89' lang='lat' dir='ltr'><strong>quoniam</strong></span> <span class='ocrx_word' id='word_1_110' title='bbox 416 1626 496 1687; x_wconf 88' lang='lat' dir='ltr'><strong>MK</strong></span> <span class='ocrx_word' id='word_1_111' title='bbox 510 1626 550 1704; x_wconf 76' lang='grc' dir='ltr'><strong>-Ι-</strong></span> <span class='ocrx_word' id='word_1_112' title='bbox 567 1626 639 1687; x_wconf 95' lang='grc' dir='ltr'><strong>ΚΔ</strong></span> <span class='ocrx_word' id='word_1_113' title='bbox 652 1632 688 1696; x_wconf 94' lang='grc'>&gt;</span> <span class='ocrx_word' id='word_1_114' title='bbox 703 1627 781 1688; x_wconf 89' lang='grc' dir='ltr'><strong>ΜΔ</strong></span> <span class='ocrx_word' id='word_1_115' title='bbox 805 1623 844 1708; x_wconf 93' lang='lat' dir='ltr'><strong>[I,</strong></span> <span class='ocrx_word' id='word_1_116' title='bbox 863 1624 932 1708; x_wconf 79' lang='lat'><strong>201,</strong></span> <span class='ocrx_word' id='word_1_117' title='bbox 955 1629 988 1690; x_wconf 95' lang='lat' dir='ltr'><strong>et</strong></span> 
     </span>
    </p>

    <p class='ocr_par' dir='ltr' id='par_1_7' title="bbox 117 1732 1176 2241">
     <span class='ocr_line' id='line_1_15' title="bbox 514 1732 752 1814; baseline 0.004 -20"><span class='ocrx_word' id='word_1_118' title='bbox 514 1732 598 1794; x_wconf 88' lang='grc' dir='ltr'><strong>ΜΗ</strong></span> <span class='ocrx_word' id='word_1_119' title='bbox 608 1759 651 1783; x_wconf 84' lang='lat'>=</span> <span class='ocrx_word' id='word_1_120' title='bbox 666 1733 752 1814; x_wconf 95' lang='lat' dir='ltr'><strong>MK,</strong></span> 
     </span>
     <span class='ocr_line' id='line_1_16' title="bbox 117 1836 1135 1922; baseline 0 -19"><span class='ocrx_word' id='word_1_121' title='bbox 117 1837 182 1904; x_wconf 89' lang='lat' dir='ltr'><strong>erit</strong></span> <span class='ocrx_word' id='word_1_122' title='bbox 204 1841 239 1903; x_wconf 99' lang='grc' dir='ltr'><strong><em>Κ</em></strong></span> <span class='ocrx_word' id='word_1_123' title='bbox 243 1842 276 1901; x_wconf 89' lang='grc' dir='ltr'><strong><em>Δ</em></strong></span> <span class='ocrx_word' id='word_1_124' title='bbox 289 1846 324 1910; x_wconf 96' lang='grc'>&gt;</span> <span class='ocrx_word' id='word_1_125' title='bbox 338 1838 421 1902; x_wconf 88' lang='grc' dir='ltr'><strong>ΗΔ.</strong></span> <span class='ocrx_word' id='word_1_126' title='bbox 447 1856 546 1920; x_wconf 85' lang='lat' dir='ltr'><strong>quare</strong></span> <span class='ocrx_word' id='word_1_127' title='bbox 566 1836 664 1902; x_wconf 83' lang='lat' dir='ltr'><strong>etiam</strong></span> <span class='ocrx_word' id='word_1_128' title='bbox 683 1839 758 1901; x_wconf 84' lang='lat' dir='ltr'><strong>HA</strong></span> <span class='ocrx_word' id='word_1_129' title='bbox 772 1846 807 1911; x_wconf 93' lang='lat'>&lt;</span> <span class='ocrx_word' id='word_1_130' title='bbox 821 1840 856 1902; x_wconf 99' lang='grc' dir='ltr'><strong><em>Κ</em></strong></span> <span class='ocrx_word' id='word_1_131' title='bbox 860 1841 902 1904; x_wconf 92' lang='grc' dir='ltr'><strong>Δ.</strong></span> <span class='ocrx_word' id='word_1_132' title='bbox 926 1840 959 1903; x_wconf 89' lang='lat' dir='ltr'><strong>et</strong></span> <span class='ocrx_word' id='word_1_133' title='bbox 981 1838 1135 1922; x_wconf 85' lang='lat' dir='ltr'><strong>quoniam</strong></span> 
     </span>
     <span class='ocr_line' id='line_1_17' title="bbox 117 1943 1135 2028; baseline 0 -18"><span class='ocrx_word' id='word_1_134' title='bbox 117 1945 155 2010; x_wconf 91' lang='lat' dir='ltr'><strong>in</strong></span> <span class='ocrx_word' id='word_1_135' title='bbox 186 1943 353 2028; x_wconf 76' lang='lat' dir='ltr'><strong>triangulo</strong></span> <span class='ocrx_word' id='word_1_136' title='bbox 382 1946 497 2008; x_wconf 89' lang='grc' dir='ltr'><strong>ΜΛΔ</strong></span> <span class='ocrx_word' id='word_1_137' title='bbox 528 1943 564 2008; x_wconf 89' lang='lat' dir='ltr'><strong>in</strong></span> <span class='ocrx_word' id='word_1_138' title='bbox 590 1965 656 2009; x_wconf 92' lang='lat' dir='ltr'><strong>uno</strong></span> <span class='ocrx_word' id='word_1_139' title='bbox 684 1944 786 2010; x_wconf 87' lang='lat' dir='ltr'><strong>latere</strong></span> <span class='ocrx_word' id='word_1_140' title='bbox 814 1947 893 2009; x_wconf 95' lang='grc' dir='ltr'><strong>ΜΔ</strong></span> <span class='ocrx_word' id='word_1_141' title='bbox 920 1943 1001 2010; x_wconf 82' lang='lat' dir='ltr'><strong>duae</strong></span> <span class='ocrx_word' id='word_1_142' title='bbox 1028 1949 1135 2010; x_wconf 81' lang='lat' dir='ltr'><strong>rectae</strong></span> 
     </span>
     <span class='ocr_line' id='line_1_18' title="bbox 117 2043 1176 2136; baseline 0 -20"><span class='ocrx_word' id='word_1_143' title='bbox 117 2053 207 2136; x_wconf 88' lang='lat' dir='ltr'><strong>MK,</strong></span> <span class='ocrx_word' id='word_1_144' title='bbox 230 2053 265 2114; x_wconf 95' lang='grc' dir='ltr'><strong><em>Κ</em></strong></span> <span class='ocrx_word' id='word_1_145' title='bbox 268 2054 302 2114; x_wconf 95' lang='grc' dir='ltr'><strong><em>Δ</em></strong></span> <span class='ocrx_word' id='word_1_146' title='bbox 323 2050 411 2116; x_wconf 85' lang='lat' dir='ltr'><strong>intra</strong></span> <span class='ocrx_word' id='word_1_147' title='bbox 434 2049 631 2116; x_wconf 72' lang='lat' dir='ltr'><strong>constitutae</strong></span> <span class='ocrx_word' id='word_1_148' title='bbox 655 2052 740 2132; x_wconf 85' lang='lat' dir='ltr'><strong>runt,</strong></span> <span class='ocrx_word' id='word_1_149' title='bbox 763 2053 858 2116; x_wconf 90' lang='lat' dir='ltr'><strong>erunt</strong></span> <span class='ocrx_word' id='word_1_150' title='bbox 1174 2043 1176 2048; x_wconf 62' lang='grc'>’</span> 
     </span>
     <span class='ocr_line' id='line_1_19' title="bbox 302 2155 950 2241; baseline 0.002 -20"><span class='ocrx_word' id='word_1_151' title='bbox 302 2160 381 2221; x_wconf 96' lang='grc' dir='ltr'><strong>ΜΚ</strong></span> <span class='ocrx_word' id='word_1_152' title='bbox 395 2158 435 2239; x_wconf 71' lang='grc' dir='ltr'><strong>-λ-</strong></span> <span class='ocrx_word' id='word_1_153' title='bbox 451 2159 524 2220; x_wconf 95' lang='grc' dir='ltr'><strong>ΚΔ</strong></span> <span class='ocrx_word' id='word_1_154' title='bbox 539 2165 574 2228; x_wconf 97' lang='grc'>&lt;</span> <span class='ocrx_word' id='word_1_155' title='bbox 587 2159 663 2220; x_wconf 90' lang='grc' dir='ltr'><strong>ΜΛ</strong></span> <span class='ocrx_word' id='word_1_156' title='bbox 678 2157 718 2238; x_wconf 88' lang='grc' dir='ltr'><strong>-Ι-</strong></span> <span class='ocrx_word' id='word_1_157' title='bbox 735 2159 805 2220; x_wconf 90' lang='grc' dir='ltr'><strong>ΛΔ</strong></span> <span class='ocrx_word' id='word_1_158' title='bbox 829 2155 868 2241; x_wconf 87' lang='grc'><strong>[1,</strong></span> <span class='ocrx_word' id='word_1_159' title='bbox 883 2157 950 2239; x_wconf 86' lang='grc'>21].</span> 
     </span>
    </p>
   </div>
   <div class='ocr_carea' id='block_1_3' title="bbox 115 2329 1136 3238">
    <p class='ocr_par' dir='ltr' id='par_1_8' title="bbox 116 2329 1136 3111">
     <span class='ocr_line' id='line_1_20' title="bbox 192 2329 1134 2402; baseline 0.001 -15"><span class='ocrx_word' id='word_1_160' title='bbox 192 2336 218 2402; x_wconf 91' lang='grc'><strong>1)</strong></span> <span class='ocrx_word' id='word_1_161' title='bbox 241 2332 284 2387; x_wconf 88' lang='lat' dir='ltr'><strong>Ne</strong></span> <span class='ocrx_word' id='word_1_162' title='bbox 307 2331 353 2386; x_wconf 88' lang='lat' dir='ltr'><strong>hio</strong></span> <span class='ocrx_word' id='word_1_163' title='bbox 377 2330 490 2401; x_wconf 88' lang='lat' dir='ltr'><strong>quidem</strong></span> <span class='ocrx_word' id='word_1_164' title='bbox 514 2329 723 2386; x_wconf 72' lang='lat' dir='ltr'><strong>emendationes</strong></span> <span class='ocrx_word' id='word_1_165' title='bbox 747 2331 868 2401; x_wconf 80' lang='lat' dir='ltr'><strong>Augusti</strong></span> <span class='ocrx_word' id='word_1_166' title='bbox 891 2348 909 2386; x_wconf 82' lang='lat' dir='ltr'><strong>a</strong></span> <span class='ocrx_word' id='word_1_167' title='bbox 931 2331 1134 2388; x_wconf 85' lang='lat' dir='ltr'><strong>mutationibus</strong></span> 
     </span>
     <span class='ocr_line' id='line_1_21' title="bbox 117 2400 1132 2484; baseline -0.001 -24"><span class='ocrx_word' id='word_1_168' title='bbox 117 2405 155 2460; x_wconf 84' lang='lat' dir='ltr'><strong>ab</strong></span> <span class='ocrx_word' id='word_1_169' title='bbox 183 2403 283 2459; x_wconf 89' lang='lat' dir='ltr'><strong>eodem</strong></span> <span class='ocrx_word' id='word_1_170' title='bbox 309 2401 339 2456; x_wconf 91' lang='lat' dir='ltr'><strong>in</strong></span> <span class='ocrx_word' id='word_1_171' title='bbox 367 2400 559 2472; x_wconf 85' lang='lat' dir='ltr'><strong>propositione</strong></span> <span class='ocrx_word' id='word_1_172' title='bbox 583 2401 666 2457; x_wconf 85' lang='lat' dir='ltr'><strong>factis</strong></span> <span class='ocrx_word' id='word_1_173' title='bbox 690 2401 847 2484; x_wconf 87' lang='lat' dir='ltr'><strong>pendentes</strong></span> <span class='ocrx_word' id='word_1_174' title='bbox 870 2402 1045 2472; x_wconf 83' lang='lat' dir='ltr'><strong>recipiendas</strong></span> <span class='ocrx_word' id='word_1_175' title='bbox 1072 2420 1132 2459; x_wconf 87' lang='lat' dir='ltr'><strong>esse</strong></span> 
     </span>
     <span class='ocr_line' id='line_1_22' title="bbox 117 2471 1134 2545; baseline 0.001 -16"><span class='ocrx_word' id='word_1_176' title='bbox 117 2475 194 2542; x_wconf 87' lang='lat' dir='ltr'><strong>duxi,</strong></span> <span class='ocrx_word' id='word_1_177' title='bbox 214 2475 264 2529; x_wconf 87' lang='lat' dir='ltr'><strong>sed</strong></span> <span class='ocrx_word' id='word_1_178' title='bbox 282 2473 477 2528; x_wconf 86' lang='lat' dir='ltr'><strong>emendatione</strong></span> <span class='ocrx_word' id='word_1_179' title='bbox 496 2471 624 2542; x_wconf 81' lang='lat' dir='ltr'><strong>Gregorii</strong></span> <span class='ocrx_word' id='word_1_180' title='bbox 641 2473 762 2540; x_wconf 82' lang='lat' dir='ltr'><strong>leniore,</strong></span> <span class='ocrx_word' id='word_1_181' title='bbox 781 2489 951 2542; x_wconf 80' lang='lat' dir='ltr'><strong>quemquam</strong></span> <span class='ocrx_word' id='word_1_182' title='bbox 970 2476 1000 2529; x_wconf 92' lang='lat' dir='ltr'><strong>et</strong></span> <span class='ocrx_word' id='word_1_183' title='bbox 1017 2475 1078 2545; x_wconf 87' lang='lat' dir='ltr'><strong>ipsa</strong></span> <span class='ocrx_word' id='word_1_184' title='bbox 1097 2475 1134 2532; x_wconf 94' lang='lat' dir='ltr'><strong>ob</strong></span> 
     </span>
     <span class='ocr_line' id='line_1_23' title="bbox 117 2540 1135 2614; baseline -0.002 -13"><span class='ocrx_word' id='word_1_185' title='bbox 117 2561 287 2601; x_wconf 88' lang='lat' dir='ltr'><strong>consensum</strong></span> <span class='ocrx_word' id='word_1_186' title='bbox 310 2543 439 2599; x_wconf 82' lang='lat' dir='ltr'><strong>codicum</strong></span> <span class='ocrx_word' id='word_1_187' title='bbox 461 2543 660 2613; x_wconf 79' lang='lat' dir='ltr'><strong>incertissima,</strong></span> <span class='ocrx_word' id='word_1_188' title='bbox 688 2560 753 2598; x_wconf 88' lang='lat' dir='ltr'><strong>usus</strong></span> <span class='ocrx_word' id='word_1_189' title='bbox 778 2544 866 2599; x_wconf 84' lang='lat' dir='ltr'><strong>uerba</strong></span> <span class='ocrx_word' id='word_1_190' title='bbox 885 2540 1014 2614; x_wconf 74' lang='grc' dir='ltr'><strong>ἐλαχίστη</strong></span> <span class='ocrx_word' id='word_1_191' title='bbox 1033 2544 1086 2614; x_wconf 81' lang='grc' dir='ltr'><strong>μέν</strong></span> <span class='ocrx_word' id='word_1_192' title='bbox 1100 2577 1135 2586; x_wconf 94' lang='grc'>-</span> 
     </span>
     <span class='ocr_line' id='line_1_24' title="bbox 117 2615 1135 2687; baseline 0.001 -16"><span class='ocrx_word' id='word_1_193' title='bbox 117 2617 272 2687; x_wconf 74' lang='grc' dir='ltr'>διαμέτρου</span> <span class='ocrx_word' id='word_1_194' title='bbox 286 2616 337 2684; x_wconf 80' lang='grc' dir='ltr'><strong>τῆς</strong></span> <span class='ocrx_word' id='word_1_195' title='bbox 346 2619 406 2669; x_wconf 83' lang='grc' dir='ltr'><strong>ΑΗ</strong></span> <span class='ocrx_word' id='word_1_196' title='bbox 416 2615 579 2684; x_wconf 87' lang='lat' dir='ltr'><strong>transposui</strong></span> <span class='ocrx_word' id='word_1_197' title='bbox 592 2630 610 2667; x_wconf 87' lang='lat' dir='ltr'><strong>a</strong></span> <span class='ocrx_word' id='word_1_198' title='bbox 623 2632 649 2683; x_wconf 93' lang='lat' dir='ltr'><strong>p.</strong></span> <span class='ocrx_word' id='word_1_199' title='bbox 664 2619 763 2682; x_wconf 59' lang='lat' dir='ltr'><strong>reule</strong></span> <span class='ocrx_word' id='word_1_200' title='bbox 779 2615 815 2669; x_wconf 88' lang='lat' dir='ltr'><strong>ad</strong></span> <span class='ocrx_word' id='word_1_201' title='bbox 829 2615 923 2671; x_wconf 75' lang='lat' dir='ltr'><strong>liure</strong></span> <span class='ocrx_word' id='word_1_202' title='bbox 942 2617 971 2670; x_wconf 91' lang='lat' dir='ltr'><strong>et</strong></span> <span class='ocrx_word' id='word_1_203' title='bbox 988 2616 1054 2671; x_wconf 83' lang='lat' dir='ltr'><strong>huic</strong></span> <span class='ocrx_word' id='word_1_204' title='bbox 1072 2617 1135 2672; x_wconf 90' lang='lat' dir='ltr'><strong>loeo</strong></span> 
     </span>
     <span class='ocr_line' id='line_1_25' title="bbox 119 2685 1136 2756; baseline -0.001 -14"><span class='ocrx_word' id='word_1_205' title='bbox 119 2686 345 2742; x_wconf 69' lang='lat' dir='ltr'><strong>adcommodant</strong></span> <span class='ocrx_word' id='word_1_206' title='bbox 383 2686 483 2741; x_wconf 89' lang='lat' dir='ltr'><strong>eodem</strong></span> <span class='ocrx_word' id='word_1_207' title='bbox 506 2685 585 2740; x_wconf 81' lang='lat' dir='ltr'><strong>ducit</strong></span> <span class='ocrx_word' id='word_1_208' title='bbox 603 2688 684 2741; x_wconf 87' lang='lat' dir='ltr'><strong>tenor</strong></span> <span class='ocrx_word' id='word_1_209' title='bbox 707 2689 736 2740; x_wconf 88' lang='lat' dir='ltr'><strong>et</strong></span> <span class='ocrx_word' id='word_1_210' title='bbox 753 2685 954 2756; x_wconf 88' lang='lat' dir='ltr'><strong>propositionis</strong></span> <span class='ocrx_word' id='word_1_211' title='bbox 973 2689 1003 2742; x_wconf 91' lang='lat' dir='ltr'><strong>et</strong></span> <span class='ocrx_word' id='word_1_212' title='bbox 1021 2688 1136 2742; x_wconf 90' lang='lat' dir='ltr'><strong>demon·</strong></span> 
     </span>
     <span class='ocr_line' id='line_1_26' title="bbox 117 2755 1136 2826; baseline 0.002 -14"><span class='ocrx_word' id='word_1_213' title='bbox 117 2756 269 2813; x_wconf 81' lang='lat' dir='ltr'><strong>strationis.</strong></span> <span class='ocrx_word' id='word_1_214' title='bbox 299 2755 359 2811; x_wconf 92' lang='lat' dir='ltr'><strong>sine</strong></span> <span class='ocrx_word' id='word_1_215' title='bbox 375 2756 459 2811; x_wconf 86' lang='lat' dir='ltr'><strong>dubio</strong></span> <span class='ocrx_word' id='word_1_216' title='bbox 474 2759 503 2812; x_wconf 88' lang='lat' dir='ltr'><strong>et</strong></span> <span class='ocrx_word' id='word_1_217' title='bbox 515 2756 697 2826; x_wconf 89' lang='lat' dir='ltr'><strong>transpositio</strong></span> <span class='ocrx_word' id='word_1_218' title='bbox 712 2756 838 2812; x_wconf 91' lang='lat' dir='ltr'><strong>omnium</strong></span> <span class='ocrx_word' id='word_1_219' title='bbox 851 2758 980 2813; x_wconf 86' lang='lat' dir='ltr'><strong>codicum</strong></span> <span class='ocrx_word' id='word_1_220' title='bbox 998 2758 1053 2813; x_wconf 89' lang='lat' dir='ltr'><strong>hoc</strong></span> <span class='ocrx_word' id='word_1_221' title='bbox 1071 2760 1136 2814; x_wconf 88' lang='lat' dir='ltr'><strong>loco</strong></span> 
     </span>
     <span class='ocr_line' id='line_1_27' title="bbox 117 2827 1135 2898; baseline -0.002 -14"><span class='ocrx_word' id='word_1_222' title='bbox 117 2832 148 2884; x_wconf 86' lang='lat' dir='ltr'><strong>et</strong></span> <span class='ocrx_word' id='word_1_223' title='bbox 165 2828 349 2898; x_wconf 85' lang='lat' dir='ltr'><strong>interpolatio</strong></span> <span class='ocrx_word' id='word_1_224' title='bbox 367 2828 565 2883; x_wconf 91' lang='lat' dir='ltr'><strong>nonnullorum</strong></span> <span class='ocrx_word' id='word_1_225' title='bbox 583 2845 610 2897; x_wconf 90' lang='lat' dir='ltr'><strong>p.</strong></span> <span class='ocrx_word' id='word_1_226' title='bbox 623 2832 704 2896; x_wconf 81' lang='lat'><em>184,1</em></span> <span class='ocrx_word' id='word_1_227' title='bbox 724 2827 784 2895; x_wconf 84' lang='lat' dir='ltr'><strong>(ofr.</strong></span> <span class='ocrx_word' id='word_1_228' title='bbox 796 2831 822 2898; x_wconf 79' lang='lat'><strong>4)</strong></span> <span class='ocrx_word' id='word_1_229' title='bbox 842 2829 911 2883; x_wconf 86' lang='lat' dir='ltr'><strong>satis</strong></span> <span class='ocrx_word' id='word_1_230' title='bbox 930 2828 1046 2896; x_wconf 89' lang='lat' dir='ltr'><strong>antiquo</strong></span> <span class='ocrx_word' id='word_1_231' title='bbox 1065 2831 1135 2884; x_wconf 87' lang='lat' dir='ltr'><strong>tem·</strong></span> 
     </span>
     <span class='ocr_line' id='line_1_28' title="bbox 116 2897 1134 2970; baseline -0.001 -15"><span class='ocrx_word' id='word_1_232' title='bbox 116 2916 187 2970; x_wconf 90' lang='lat' dir='ltr'><strong>pore</strong></span> <span class='ocrx_word' id='word_1_233' title='bbox 206 2917 224 2955; x_wconf 89' lang='lat' dir='ltr'><strong>a</strong></span> <span class='ocrx_word' id='word_1_234' title='bbox 241 2898 442 2955; x_wconf 85' lang='lat' dir='ltr'><strong>mathematico</strong></span> <span class='ocrx_word' id='word_1_235' title='bbox 461 2899 593 2967; x_wconf 88' lang='lat' dir='ltr'><strong>imperito</strong></span> <span class='ocrx_word' id='word_1_236' title='bbox 607 2899 644 2953; x_wconf 87' lang='lat' dir='ltr'><strong>ad</strong></span> <span class='ocrx_word' id='word_1_237' title='bbox 659 2897 873 2954; x_wconf 89' lang='lat' dir='ltr'><strong>similitudinem</strong></span> <span class='ocrx_word' id='word_1_238' title='bbox 887 2917 967 2969; x_wconf 91' lang='lat' dir='ltr'><strong>prop.</strong></span> <span class='ocrx_word' id='word_1_239' title='bbox 977 2899 1029 2955; x_wconf 87' lang='lat' dir='ltr'><strong>VII</strong></span> <span class='ocrx_word' id='word_1_240' title='bbox 1042 2899 1134 2955; x_wconf 81' lang='lat' dir='ltr'><strong>factae</strong></span> 
     </span>
     <span class='ocr_line' id='line_1_29' title="bbox 117 2968 1135 3094; baseline 0.001 -69"><span class='ocrx_word' id='word_1_241' title='bbox 117 2973 193 3054; x_wconf 76' lang='lat' dir='ltr'><strong>sunt,</strong></span> <span class='ocrx_word' id='word_1_242' title='bbox 210 2969 241 3025; x_wconf 91' lang='lat' dir='ltr'><strong>in</strong></span> <span class='ocrx_word' id='word_1_243' title='bbox 264 2987 348 3094; x_wconf 54' lang='grc' dir='ltr'>αὲιαιιι</span> <span class='ocrx_word' id='word_1_244' title='bbox 371 2988 465 3024; x_wconf 88' lang='lat' dir='ltr'><strong>rursus</strong></span> <span class='ocrx_word' id='word_1_245' title='bbox 488 2989 516 3040; x_wconf 92' lang='lat' dir='ltr'><strong>p.</strong></span> <span class='ocrx_word' id='word_1_246' title='bbox 533 2975 597 3038; x_wconf 79' lang='grc'><strong><em>178,</em></strong></span> <span class='ocrx_word' id='word_1_247' title='bbox 613 2976 645 3024; x_wconf 85' lang='grc'><strong>19</strong></span> <span class='ocrx_word' id='word_1_248' title='bbox 668 2968 738 3024; x_wconf 75' lang='lat' dir='ltr'><strong>mr</strong></span> <span class='ocrx_word' id='word_1_249' title='bbox 763 2987 796 3026; x_wconf 87' lang='lat' dir='ltr'><strong>ex</strong></span> <span class='ocrx_word' id='word_1_250' title='bbox 818 2986 898 3042; x_wconf 91' lang='lat' dir='ltr'><strong>prop.</strong></span> <span class='ocrx_word' id='word_1_251' title='bbox 909 2971 974 3025; x_wconf 93' lang='lat' dir='ltr'>VIII</span> <span class='ocrx_word' id='word_1_252' title='bbox 996 2971 1135 3041; x_wconf 74' lang='lat' dir='ltr'><strong>quaedam</strong></span> 
     </span>
     <span class='ocr_line' id='line_1_30' title="bbox 117 3058 297 3111; baseline -0.017 -15"><span class='ocrx_word' id='word_1_253' title='bbox 117 3058 297 3111; x_wconf 82' lang='lat' dir='ltr'><strong>irrepserun.</strong></span> 
     </span>
    </p>

    <p class='ocr_par' dir='ltr' id='par_1_9' title="bbox 115 3111 1134 3238">
     <span class='ocr_line' id='line_1_31' title="bbox 191 3111 1134 3182; baseline 0.001 -15"><span class='ocrx_word' id='word_1_254' title='bbox 191 3115 219 3182; x_wconf 92' lang='lat'><strong>2)</strong></span> <span class='ocrx_word' id='word_1_255' title='bbox 237 3111 298 3166; x_wconf 88' lang='lat' dir='ltr'><strong>Lin.</strong></span> <span class='ocrx_word' id='word_1_256' title='bbox 315 3118 348 3167; x_wconf 88' lang='lat'><strong>10</strong></span> <span class='ocrx_word' id='word_1_257' title='bbox 368 3127 444 3166; x_wconf 88' lang='lat' dir='ltr'><strong>error</strong></span> <span class='ocrx_word' id='word_1_258' title='bbox 461 3111 591 3167; x_wconf 86' lang='lat' dir='ltr'><strong>codicum</strong></span> <span class='ocrx_word' id='word_1_259' title='bbox 613 3111 671 3166; x_wconf 86' lang='lat' dir='ltr'><strong>iam</strong></span> <span class='ocrx_word' id='word_1_260' title='bbox 690 3112 755 3167; x_wconf 88' lang='lat' dir='ltr'><strong>ante</strong></span> <span class='ocrx_word' id='word_1_261' title='bbox 773 3112 918 3168; x_wconf 83' lang='lat' dir='ltr'><strong>Thoonem</strong></span> <span class='ocrx_word' id='word_1_262' title='bbox 936 3129 970 3169; x_wconf 83' lang='lat' dir='ltr'><strong>ex</strong></span> <span class='ocrx_word' id='word_1_263' title='bbox 988 3112 1072 3168; x_wconf 75' lang='lat' dir='ltr'><strong>lin-o</strong></span> <span class='ocrx_word' id='word_1_264' title='bbox 1092 3129 1134 3168; x_wconf 91' lang='lat' dir='ltr'><strong>or-</strong></span> 
     </span>
     <span class='ocr_line' id='line_1_32' title="bbox 115 3184 251 3238; baseline -0.015 0"><span class='ocrx_word' id='word_1_265' title='bbox 115 3186 164 3238; x_wconf 88' lang='lat' dir='ltr'><strong>tus</strong></span> <span class='ocrx_word' id='word_1_266' title='bbox 182 3184 251 3238; x_wconf 90' lang='lat' dir='ltr'><strong>erat.</strong></span> 
     </span>
    </p>
   </div>
   <div class='ocr_carea' id='block_1_4' title="bbox 115 3336 1138 3624">
    <p class='ocr_par' dir='ltr' id='par_1_10' title="bbox 115 3336 1138 3624">
     <span class='ocr_line' id='line_1_33' title="bbox 117 3336 1134 3412; baseline -0.001 -15"><span class='ocrx_word' id='word_1_267' title='bbox 117 3337 245 3398; x_wconf 79' lang='grc' dir='ltr'><strong><em>ἐλάσσων</em></strong></span> <span class='ocrx_word' id='word_1_268' title='bbox 264 3341 319 3410; x_wconf 92' lang='lat' dir='ltr'><strong>Bp.</strong></span> <span class='ocrx_word' id='word_1_269' title='bbox 393 3336 455 3397; x_wconf 83' lang='grc' dir='ltr'><strong><em>ἐστί</em></strong></span> <span class='ocrx_word' id='word_1_270' title='bbox 469 3343 501 3400; x_wconf 89' lang='grc' dir='ltr'><strong>Β.</strong></span> <span class='ocrx_word' id='word_1_271' title='bbox 574 3342 643 3397; x_wconf 84' lang='lat' dir='ltr'><strong>Post</strong></span> <span class='ocrx_word' id='word_1_272' title='bbox 658 3338 732 3397; x_wconf 79' lang='grc' dir='ltr'><strong><em>ἐστίν</em></strong></span> <span class='ocrx_word' id='word_1_273' title='bbox 751 3342 814 3396; x_wconf 84' lang='lat' dir='ltr'><strong>add.</strong></span> <span class='ocrx_word' id='word_1_274' title='bbox 836 3337 965 3412; x_wconf 70' lang='grc' dir='ltr'><strong><em>ἐλαχίστη</em></strong></span> <span class='ocrx_word' id='word_1_275' title='bbox 984 3337 1040 3412; x_wconf 79' lang='grc' dir='ltr'><strong>ἄρα</strong></span> <span class='ocrx_word' id='word_1_276' title='bbox 1060 3339 1134 3398; x_wconf 84' lang='grc' dir='ltr'><strong><em>ἐστίν</em></strong></span> 
     </span>
     <span class='ocr_line' id='line_1_34' title="bbox 116 3407 1138 3483; baseline 0.002 -16"><span class='ocrx_word' id='word_1_277' title='bbox 116 3414 185 3482; x_wconf 87' lang='lat' dir='ltr'><strong>PV;</strong></span> <span class='ocrx_word' id='word_1_278' title='bbox 205 3429 260 3468; x_wconf 89' lang='lat' dir='ltr'><strong>orn.</strong></span> <span class='ocrx_word' id='word_1_279' title='bbox 274 3413 363 3482; x_wconf 80' lang='lat' dir='ltr'><strong>BFp,</strong></span> <span class='ocrx_word' id='word_1_280' title='bbox 384 3414 536 3483; x_wconf 79' lang='lat' dir='ltr'><strong>Augustus.</strong></span> <span class='ocrx_word' id='word_1_281' title='bbox 627 3418 670 3467; x_wconf 91' lang='lat'><strong>21.</strong></span> <span class='ocrx_word' id='word_1_282' title='bbox 690 3407 897 3482; x_wconf 73' lang='grc' dir='ltr'><strong><em>συνεστήκεσαν</em></strong></span> <span class='ocrx_word' id='word_1_283' title='bbox 917 3431 943 3483; x_wconf 92' lang='lat' dir='ltr'><strong>p.</strong></span> <span class='ocrx_word' id='word_1_284' title='bbox 1042 3419 1085 3469; x_wconf 90' lang='lat'><strong>22.</strong></span> <span class='ocrx_word' id='word_1_285' title='bbox 1105 3411 1138 3468; x_wconf 77' lang='grc' dir='ltr'><strong>αλ</strong></span> 
     </span>
     <span class='ocr_line' id='line_1_35' title="bbox 118 3481 1062 3570; baseline 0.002 -30"><span class='ocrx_word' id='word_1_286' title='bbox 118 3481 177 3554; x_wconf 71' lang='grc' dir='ltr'><strong>ἄρα</strong></span> <span class='ocrx_word' id='word_1_287' title='bbox 196 3487 273 3550; x_wconf 87' lang='grc' dir='ltr'><strong><em>ΜΚ,</em></strong></span> <span class='ocrx_word' id='word_1_288' title='bbox 292 3484 371 3570; x_wconf 50' lang='lat' dir='ltr'><strong>Mt</strong></span> <span class='ocrx_word' id='word_1_289' title='bbox 391 3482 448 3554; x_wconf 76' lang='grc' dir='ltr'><strong>ἄρα</strong></span> <span class='ocrx_word' id='word_1_290' title='bbox 466 3484 499 3542; x_wconf 90' lang='grc' dir='ltr'><strong>Ρ.</strong></span> <span class='ocrx_word' id='word_1_291' title='bbox 608 3483 680 3539; x_wconf 85' lang='lat' dir='ltr'><strong>Ante</strong></span> <span class='ocrx_word' id='word_1_292' title='bbox 699 3485 755 3538; x_wconf 79' lang='grc' dir='ltr'><strong>τῶν</strong></span> <span class='ocrx_word' id='word_1_293' title='bbox 774 3483 804 3538; x_wconf 89' lang='lat' dir='ltr'><strong>in</strong></span> <span class='ocrx_word' id='word_1_294' title='bbox 822 3482 843 3536; x_wconf 79' lang='lat' dir='ltr'><strong>F</strong></span> <span class='ocrx_word' id='word_1_295' title='bbox 861 3485 953 3540; x_wconf 85' lang='lat' dir='ltr'><strong>laoun.</strong></span> <span class='ocrx_word' id='word_1_296' title='bbox 972 3491 988 3541; x_wconf 84' lang='grc'>3</span> <span class='ocrx_word' id='word_1_297' title='bbox 1007 3485 1062 3542; x_wconf 90' lang='lat' dir='ltr'><strong>litt.</strong></span> 
     </span>
     <span class='ocr_line' id='line_1_36' title="bbox 115 3550 519 3624; baseline 0 -13"><span class='ocrx_word' id='word_1_298' title='bbox 115 3550 251 3619; x_wconf 74' lang='grc' dir='ltr'><strong>ἐλάττονι</strong></span> <span class='ocrx_word' id='word_1_299' title='bbox 270 3553 301 3624; x_wconf 91' lang='grc' dir='ltr'><strong><em>Ρ,</em></strong></span> <span class='ocrx_word' id='word_1_300' title='bbox 322 3551 471 3619; x_wconf 75' lang='grc' dir='ltr'><strong><em>ἐλασσσνες</em></strong></span> <span class='ocrx_word' id='word_1_301' title='bbox 488 3555 519 3611; x_wconf 79' lang='lat' dir='ltr'><strong>F.</strong></span> 
     </span>
    </p>
   </div>
   <div class='ocr_carea' id='block_1_5' title="bbox 0 0 1262 4012">
    <p class='ocr_par' dir='ltr' id='par_1_11' title="bbox 0 0 1262 4012">
     <span class='ocr_line' id='line_1_37' title="bbox 0 0 1262 4012; baseline 0 0"><span class='ocrx_word' id='word_1_302' title='bbox 0 0 1262 4012; x_wconf 95' lang='lat' dir='ltr'><strong> </strong></span> 
     </span>
    </p>
   </div>
  </div>
 </body>
</html>
