2514 4012
139 203 205 269 346
514 203 715 256 Σοοιεωιοα
732 196 776 255 ε’.

139 343 413 424 λαπλασιάσας
450 345 541 431 ποιῇ
578 368 682 428 τινα,
725 341 743 412 ὁ
780 343 1021 433 γενόμενος
1059 347 1169 435 κύβος

140 457 258 519 ἔσται

206 558 323 643 Κύβος
353 555 416 646 γὰρ
450 554 597 643 ιἰριύμος
630 552 705 623 ὁΑ
730 555 838 642 κύβον
867 554 1037 647 ἀριθμὸν
1066 559 1165 628 τὸνΒ

139 666 433 742 πολλαπλασιάσας
454 661 516 731 τὸν
538 669 570 732 Γ
588 669 735 732 ποιείτω·
767 663 866 750 λέγω,
894 663 949 733 ὅτι
978 663 999 735 ὁ
1022 672 1059 734 Γ
1075 668 1164 753 κύβος

104 773 238 839 ὕέστίν.

202 873 238 943 ‘0
264 873 328 963 γάρ
352 883 384 942 A
407 874 529 944 ἑαυτὸν
552 875 844 956 πολλαπλασιάσας
865 877 934 946 τὸν
959 888 1000 946 Δ
1024 886 1161 949 ποιείτω·

141 979 159 1052 ὁ
189 991 222 1050 A
254 980 321 1067 άρα
352 981 457 1067 κύβος
488 983 588 1050 ἐστίν.
633 982 689 1048 καλ
721 981 792 1050 ἐπεὶ
824 978 842 1050 ὁ
877 992 912 1051 Α
945 984 1082 1055 ἑαυτὸν
1110 985 1160 1072 μὲν

140 1086 433 1168 πολλαπλασιάσας
462 1086 523 1157 τὸν
546 1095 580 1155 Δ
607 1093 800 1176 πεποίηκεν,
827 1086 890 1157 τὸν
919 1089 962 1158 δὲ
990 1099 1020 1159 Β
1049 1099 1159 1160 πολλα-

139 1194 324 1274 πλασιάσας
351 1197 411 1262 τὸν
433 1199 466 1262 Γ
485 1199 678 1280 πεποίηκεν,
706 1199 798 1263 ἔστιν
821 1193 887 1283 ἄρα
911 1193 959 1275 ὡς
986 1194 1008 1265 ὁ
1032 1208 1067 1266 A
1087 1200 1159 1286 πρὸς

89 1319 122 1368 1ο
139 1304 200 1369 τὸν
223 1307 267 1387 Β,
296 1298 402 1380 οὕτως
432 1300 451 1368 ὃ
480 1309 514 1368 A
543 1304 626 1388 πρὸς
653 1304 713 1370 τὸν
735 1307 772 1370 Γ.
817 1302 873 1369 καὶ
901 1302 977 1370 ἐπεί
1009 1307 1048 1372 οί
1067 1310 1157 1390 AB

139 1407 238 1493 κύβοι
260 1412 362 1493 είσίν,
385 1406 497 1494 ὅμοιοι
522 1414 653 1497 στερεοί
673 1413 760 1477 είσιν
784 1411 818 1476 ολ
839 1417 882 1494 A,
902 1415 941 1478 Β.
981 1414 1055 1480 τῶν
1075 1417 1156 1496 Α,Β

139 1511 205 1600 άρα
233 1513 296 1580 δύο
325 1515 421 1600 μέσοι
445 1511 615 1600 άνάλογον
639 1517 856 1601 ἐμπίπτουσιν
879 1511 1044 1602 άρνθμοί·
1082 1515 1156 1586 ὥστε

138 1619 194 1687 καὶ
216 1622 286 1687 τῶν
305 1628 348 1704 Δ,
368 1624 401 1687 Γ
420 1619 483 1687 δύο
507 1621 603 1707 μέσοι
626 1618 796 1704 άνάλονον
820 1622 1050 1707 ἐμπεσοῦνται
1068 1621 1156 1708 άριθ-

139 1731 204 1811 μοί.
249 1731 309 1793 καί
329 1727 398 1793 ἐστι
420 1724 522 1811 κύβος
546 1722 564 1793 ὁ
589 1735 634 1793 A·
666 1726 769 1812 κύβος
792 1724 857 1813 άρα
878 1727 935 1794 καλ
960 1724 977 1795 ἱ
1007 1735 1049 1796 Γ·
1083 1728 1154 1814 ὅπερ

89 1849 123 1899 15
143 1836 210 1899 ἔδει
234 1835 347 1914 δείξαι.

625 1964 663 2005 ε.

204 2043 291 2111 Ἐὰν
327 2044 449 2131 κύβος
485 2040 657 2132 ἀριθμὸς
689 2039 863 2129 ἀριθμόν
894 2068 988 2112 τινα
1020 2054 1155 2116 πολλα·

139 2149 361 2229 πλασιάσας
388 2153 512 2236 κύβον
549 2155 659 2237 ποιῇ,
692 2150 755 2215 καὶ
788 2146 806 2215 ὁ
839 2157 1155 2221 πολλαπλασιασ-

139 2255 227 2334 θεὶς
250 2256 369 2342 κύβος
393 2262 512 2324 ἔσται.

88 2381 122 2429 20
208 2363 324 2447 Κύβος
360 2365 423 2450 γὰρ
457 2359 600 2449 άριθμος
633 2360 651 2428 ὁ
683 2371 716 2429 A
748 2358 895 2449 άριθμόν
928 2390 1007 2431 τινα
1039 2369 1101 2434 τὸν
1131 2371 1155 2431 Β

59 2501 64 2508 ·
139 2467 431 2546 πολλαπλασιάσας
453 2468 559 2553 κύβον
581 2471 641 2535 τὸν
665 2475 697 2536 Γ
714 2474 862 2536 ποιείτω·
892 2470 993 2554 λέγω,
1019 2469 1072 2539 ὅτι
1097 2470 1156 2538 ὁΒ

138 2575 242 2659 κύβος
265 2576 364 2641 ἐστίν.

202 2679 236 2746 Ὁ
264 2684 328 2769 γὰρ
356 2691 384 2747 Α
408 2681 528 2747 ἑαυτὸν
552 2679 844 2759 πολλαπλασιάσας
865 2683 924 2746 τὸν
951 2689 986 2746 A
1010 2689 1155 2750 ποιείτω·

106 2820 112 2847 ι
141 2787 243 2871 κύβος
266 2784 331 2873 ἄρα
355 2788 446 2853 ἐστίν
465 2782 540 2852 &A
572 2787 627 2852 καὶ
647 2788 716 2853 ἐπεὶ
735 2785 753 2853 ὁ
769 2797 800 2854 Α
819 2786 940 2853 ἑαυτὸν
959 2786 1025 2871 μὲν
1039 2796 1156 2856 πολλα-

89 2913 122 2962 25
141 2894 327 2970 πλασιάσας
354 2895 413 2959 τὸν
438 2899 471 2957 A
494 2897 687 2978 πεποίηκεν,
717 2895 777 2959 τὸν
801 2891 838 2959 δὲ
861 2900 889 2958 Β
911 2896 1157 2962 πολλαπλασιά-

141 3018 200 3076 σας
223 3001 282 3065 τὸν
302 3004 335 3065 Γ
352 3002 543 3083 πεποίηκεν,
567 3003 657 3066 ἔστιν
681 2997 746 3086 άρα
770 2995 815 3076 ὡς
838 2998 857 3065 ὁ
876 3008 907 3065 A
930 3001 1018 3086 πρὸς
1041 3003 1102 3069 τὸν
1120 3008 1156 3084 Β,

140 3102 158 3171 ὁ
188 3113 220 3170 A
252 3107 336 3192 πρὸς
367 3106 428 3171 τὸν
456 3111 491 3172 Γ.
538 3104 594 3170 καὶ
627 3105 696 3171 ἐπεί
730 3107 764 3171 οί
790 3113 838 3189 A,
866 3110 899 3171 Γ
926 3106 1029 3190 κύβοι
1060 3112 1156 3191 εἰσίν,

141 3209 252 3297 ὅμοιοι
275 3217 405 3295 στερεοί
426 3215 519 3278 είσιν.
566 3215 633 3278 τῶν
658 3219 706 3297 Δ,
730 3219 763 3280 Γ
782 3211 847 3298 ἄρα
871 3211 933 3278 δύο
958 3214 1057 3297 μέσοι
1081 3214 1157 3282 άνά-

213 3394 237 3442 6.
257 3383 311 3456 γάρ
330 3388 369 3458 Α]
392 3383 486 3457 Αςάρ
507 3388 596 3456 BVq).
662 3395 687 3443 λ.
707 3389 747 3458 A]
771 3406 828 3456 seq.
846 3389 1015 3444 manith.
1033 3412 1064 3459 φ.
1105 3388 1162 3446 ἐστί

140 3457 202 3525 Vm.
275 3464 300 3512 8.
324 3460 462 3526 πεποίηκε
485 3458 546 3526 Vm.
621 3464 661 3512 10.
686 3456 747 3530 τόν]
776 3459 820 3514 bis
843 3476 896 3513 om.
921 3459 952 3512 Β.
1031 3468 1074 3517 11.
1104 3461 1157 3517 είσι

140 3526 202 3595 th.
277 3525 306 3581 οἱ
326 3533 362 3599 A,
387 3530 425 3600 Β]
455 3545 508 3584 om.
533 3530 622 3598 BVQ.
701 3537 743 3585 13.
768 3531 840 3601 τῶν]
871 3548 885 3584 e
910 3546 979 3586 corr.
1004 3531 1040 3587 V.
1119 3539 1157 3587 14.
