2514 4012
141 201 205 266 188
519 201 720 255 ΣΤΟΙΧΕΙΩΝ
739 197 773 267 ζ’.

208 342 270 411 σθ’.
297 343 553 432 Τετράγωνος
580 342 754 431 ἀριθμός
782 338 915 410 ἐστιν
901 369 919 411 ο
949 340 1062 423 ἰσάκις
1091 349 1161 422 ἰσος

140 444 160 535 ἢ
186 449 273 533 [5]‘
255 447 322 517 υιτὸ
346 448 409 518 δύο
434 458 518 518 ἰσων
542 444 701 537 άριθμῶν
722 447 973 579 περιεχόμενος

206 556 249 624 κ’
272 555 408 642 Κύβος
444 556 533 626 θὲὸ
515 556 676 637 οἰσάκις
708 564 780 636 ἰσος
812 555 921 636 ἰσάκις
952 552 973 642 ἢ
1009 554 1114 641 [5]
1094 577 1160 624 υιτο

140 666 244 751 τριῶν
268 671 351 731 ἰσων
375 659 532 751 ἀριθμῶν
554 661 798 751 περιεχόμενος.

106 777 122 825 5
208 770 273 838 κα’.
294 770 475 859 Ἀριθμολ
499 767 702 856 άνάλογόν
730 773 849 854 εἰσιν,
878 768 959 837 ὅταν
983 768 1001 837 5
1026 773 1161 855 πρῶτος

140 880 202 944 τοῦ
235 877 394 963 δευτέρου
422 876 479 945 καὶ
511 876 529 945 5
563 880 673 964 τρίτος
704 879 766 943 τοῦ
802 873 962 959 τετάρτου
995 874 1111 957 ἰσάκις
1140 868 1161 964 ᾖ

140 982 388 1062 πολλαπλάσιος
410 978 431 1069 ἢ
454 980 492 1051 τὸ
518 980 601 1050 αὐτὸ
625 983 725 1071 μέρος
747 978 769 1068 ἢ
792 978 832 1048 τά
852 977 937 1048 αὐτὰ
959 981 1046 1070 μέρη
1068 975 1160 1051 ῶσιν.

209 1089 274 1175 κβ’.
290 1089 442 1175 Ὅμοιοι
484 1091 664 1157 ἐπίπεδοι
701 1088 757 1155 καὶ
798 1086 952 1175 στερεοὶ
989 1085 1164 1176 ἀριθμοί

142 1199 228 1264 εἰσιν
253 1198 288 1262 οἰ
309 1193 480 1281 άνάλογον
504 1200 634 1282 ἔχοντες
657 1193 716 1275 τάς
739 1193 892 1281 πλευράς.

91 1327 123 1375 10
186 1300 251 1387 κγ’.
278 1302 437 1380 Τέλειος
464 1297 637 1389 άριθμός
666 1299 798 1368 ἐστινὸ
826 1313 897 1378 τοῖς
920 1300 1045 1368 ἑαυτοῦ
1071 1300 1162 1389 μέρε-

142 1427 199 1475 σιν
223 1415 295 1487 ἰσος
317 1403 376 1475 ῶν.

628 1529 671 1597 α’.

210 1653 294 1721 Δύο
338 1651 523 1741 άριθμῶν
566 1651 718 1721 άνίσων
759 1654 1014 1739 έκκειμένων,
1064 1651 1161 1729 άνθ-

143 1761 452 1849 υφαιρουμένου
475 1760 517 1829 δὲ
547 1758 607 1829 άεί
634 1765 705 1829 τοῦ
738 1760 954 1841 ἐλάσσονος
987 1756 1065 1828 άπὸ
1096 1762 1160 1827 τοῦ

90 1895 124 1944 15
144 1871 340 1953 μείζονος,
364 1864 433 1935 ἐὰν
457 1863 475 1934 5
505 1867 741 1954 λειπόμενος
769 1867 964 1953 μηδέποτε
991 1891 1160 1951 καταμε-

142 1977 213 2062 τρῇ
250 1971 319 2041 τὸν
356 1969 428 2061 πρὸ
462 1973 623 2058 ἑαυτοῦ,
657 1975 727 2054 ἕως
761 1964 806 2041 οὗ
840 1976 987 2060 λειφθῇ
1020 1970 1159 2058 μονάς,

145 2081 185 2146 οἰ
216 2079 254 2158 ἐξ
287 2075 408 2165 ἀρχῆς
441 2079 608 2167 άριθμοί
644 2083 792 2167 πρῶτοι
829 2077 925 2166 πρὸς
962 2075 1159 2162 άλλάλους

145 2189 312 2251 ἔσονται

212 2288 288 2357 Λάο
312 2286 376 2376 γάρ
402 2288 557 2374 [άνίσων]
587 2287 745 2378 άριθμῶν
772 2295 840 2358 τῶν
873 2297 954 2374 ΑΒ,
978 2295 1042 2357 ΓΔ
1076 2289 1158 2358 άνθ-

92 2424 126 2473 20
145 2399 400 2482 υφαιρουμένου
423 2394 476 2464 άεί
499 2401 559 2465 τοῦ
584 2396 765 2476 ἐλάσσονος
790 2393 855 2463 άπὸ
879 2399 941 2463 τοῦ
965 2401 1119 2482 μείζονος
1140 2422 1156 2464 ο

145 2499 341 2587 λειπόμενος
372 2504 536 2590 μηδέποτε
563 2509 803 2591 καταμετρείτω
837 2499 896 2570 τὸν
926 2500 990 2589 πρὸ
1026 2503 1157 2587 ἑαυτοῦ,

93 2616 94 2619 ’
145 2607 206 2686 ἕως
230 2600 272 2676 οὗ
296 2613 420 2697 λειφθῇ
444 2609 563 2696 μονάς·
591 2611 691 2695 λέγω,
716 2607 766 2677 ὅτι
791 2612 826 2676 οἰ
847 2615 927 2692 ΑΒ,
947 2613 1010 2674 ΓΛ
1033 2610 1167 2696 πρῶτοι

145 2713 228 2802 πρὸς
255 2712 421 2801 ἀλλήλους
453 2720 555 2801 εἰσίν,
587 2717 758 2784 τουτέστιν
796 2715 848 2782 ὅτι
881 2712 959 2793 τοὺς
991 2720 1076 2799 ΑΒ,
1100 2720 1160 2781 ΓΛ

145 2820 251 2906 μονὰς
274 2820 361 2907 μόνη
386 2835 505 2909 μετρεῖ.

92 2958 126 3006 25
213 2931 257 2994 Εἰ
283 2925 348 3014 γάρ
378 2927 422 3015 μή
451 2933 537 2996 εἰσιν
561 2931 596 2995 οἰ
621 2935 701 3013 ΑΒ,
722 2933 784 2994 ΓΛ
806 2931 931 3015 πρῶτοι
954 2924 1039 3010 πρὸς
1064 2923 1161 3011 άλλή-

146 3040 240 3117 λους,
273 3032 427 3120 μετρήσει
459 3062 509 3115 τις
539 3032 662 3114 αὐτοὺς
694 3030 848 3121 ἀριθμός.
899 3036 1072 3119 μετρείτω,
1106 3030 1160 3098 καί

218 3233 261 3283 23.
280 3227 434 3282 Martianus
454 3227 569 3297 Capella
586 3228 652 3297 VII,
673 3234 731 3284 753.

219 3384 369 3459 25]0m.
389 3388 448 3442 ΡΒ
540 3394 564 3442 3
585 3383 690 3459 ο]οω
710 3388 739 3442 Ρ
830 3393 855 3440 4
876 3386 1030 3473 ἰσων]οω
1049 3384 1085 3453 Ρ;
1105 3404 1161 3456 mg

147 3477 184 3513 m.
206 3458 274 3527 1V,
294 3476 379 3528 supra
396 3477 432 3513 m
458 3458 532 3524 2133
558 3459 622 3515 hab
646 3458 766 3526 Psellus,
786 3457 840 3526 Pp.
881 3452 1013 3527 ἀριθμῶν
1038 3429 1161 3512 ίσῶνΡ

186 3537 210 3584 6
231 3532 304 3585 Ante
324 3478 442 3592 ἰσάκις
433 3548 462 3584 m
481 3528 503 3581 F
522 3500 622 3584 5dd.
604 3550 635 3598 η;
654 3528 729 3585 idem
748 3530 773 3583 V
793 3546 877 3598 supra
896 3545 945 3582 scr
966 3547 1002 3582 m
1019 3534 1163 3584 1.10.
