2514 4012
380 167 656 219 ELEMENTORUM
674 167 783 217 LIBER
801 166 823 218 1.
1065 161 1110 226 45

95 316 232 390 [ΕΓΔ
246 321 281 386 >
296 314 391 376 ΕΓΖ
416 313 457 393 [κ.
481 312 550 376 tvo.
574 311 624 391 8].
670 330 768 393 quare
793 315 814 384 L
833 310 937 373 ΑΓΛ
951 317 986 382 >
1000 311 1110 373 ΒΑΕ.

95 419 247 486 similitor
270 421 359 484 reeta
385 420 453 483 ΒΓ
475 418 511 483 in
538 417 619 482 duas
642 420 751 501 partes
775 416 925 500 aequales
949 418 1039 480 aeota
1059 413 1111 478 de-

95 526 332 592 monstrabitur
355 525 455 590 etiam
478 531 500 600 l,
519 525 624 588 ΒΓΗ
633 531 668 596 >
682 524 799 601 ΑΒΓ,
821 522 852 587 h.
876 543 901 588 e.

449 636 470 708 L
490 636 522 695 A
526 634 594 695 ΓΔ
607 639 641 704 >
656 633 764 695 ΑΒΓ.

164 741 254 827 Ergo
278 740 313 804 in
336 738 451 823 quouis
473 738 639 823 triangulo
662 758 729 802 uno
752 735 855 801 latera
877 737 1036 822 producto
1056 756 1113 801 an·

96 846 195 932 gulua
224 846 423 911 extrinsecus
451 845 579 929 positus
607 844 732 909 utrouia
756 843 878 930 angulo
901 842 1056 908 interiore
1079 844 1113 906 ot

99 954 253 1038 opposito
276 951 380 1043 maior
404 954 467 1036 ast3
490 950 576 1037 quod
599 953 671 1014 erat
692 949 990 1017 demonstrandum.

586 1126 659 1192 VII.

166 1235 319 1304 Ouiusuis
338 1235 497 1320 trianguli
516 1127 585 1300 (iuli
595 1233 707 1320 anguli
722 1234 847 1300 duobus
862 1236 959 1302 rectis
972 1235 1114 1301 minores

529 1345 607 1406 sunt
630 1363 760 1427 quoquo
785 1342 881 1409 modo
905 1342 1078 1409 coniuncti.

595 1445 644 1513 Sit
670 1449 855 1535 triangulus
879 1453 986 1515 ΑΒΓ.
1034 1449 1116 1534 dieo,

528 1555 666 1641 angulos
703 1554 785 1620 duos
821 1557 980 1643 trianguli
1017 1558 1121 1621 ΑΒΓ

527 1662 653 1727 duobus
676 1664 772 1728 reotin
796 1663 939 1729 minores
953 1686 1024 1730 osse
1039 1685 1117 1749 quo·

134 1782 167 1841 B
308 1808 312 1816 ·
342 1783 381 1842 Γ
451 1779 483 1840 Δ
531 1790 594 1854 quo
617 1768 715 1835 modo
739 1770 939 1837 coniunctos.

167 1879 364 1963 producatur
387 1877 473 1944 anim
496 1878 563 1941 ΒΓ
582 1876 623 1942 ad
646 1882 687 1942 Δ.
724 1880 758 1942 at
781 1878 936 1961 quoniam
958 1877 993 1942 in
1016 1876 1118 1942 trian·
1193 1966 1195 1971 Ι

100 1986 180 2072 gulo
198 1985 511 2050 ABPextrinaeoun
535 1983 662 2068 positus
686 1986 737 2048 est
754 1983 894 2070 angulus
909 1987 1028 2067 ΑΓΛ,
1050 2007 1118 2049 ma-

100 2093 154 2157 ior
177 2095 228 2156 est
246 2092 367 2177 angulo
386 2091 540 2156 interiore
559 2093 592 2155 et
611 2090 761 2175 opposito
775 2093 882 2155 ΑΒΓ
899 2093 1003 2176 [prop.
1017 2089 1119 2172 XVI].

101 2199 285 2264 eommunis
308 2197 479 2263 adiiciatur
502 2200 610 2262 ΑΓΒ.
642 2197 752 2282 itaque

197 2307 297 2369 ΑΓΔ
313 2307 352 2386 -l-
370 2307 467 2369 ΑΓΒ
481 2313 516 2377 >
531 2307 634 2369 ΑΒΓ
645 2308 685 2386 -l-
702 2307 797 2369 ΒΓΑ
820 2308 862 2386 [κ.
886 2306 953 2370 ἔνν.
976 2306 1022 2386 4].

170 2434 284 2476 uerum
306 2414 405 2476 ΑΓΔ
421 2414 460 2493 -l-
477 2413 575 2475 ΑΓΒ
600 2410 725 2476 duobus
749 2412 846 2476 rectis
871 2411 1019 2496 aequales
1044 2415 1120 2476 sunt

103 2522 210 2603 [prop.
233 2517 336 2599 ΧΠΠ.
372 2519 481 2603 itaque
505 2520 609 2582 ΑΒΓ
621 2520 660 2599 -l-
677 2519 771 2582 ΒΓΑ
795 2517 920 2584 duobus
943 2518 1039 2583 rectis
1063 2519 1121 2584 mi·

102 2646 200 2691 nores
225 2629 310 2690 sunt.
339 2625 490 2690 similiter
513 2624 818 2707 demonstrabimus,
843 2625 940 2690 etiam
964 2627 1118 2707 ΒΑΓ-Ι-

103 2738 136 2796 A
142 2734 204 2796 ΓΒ
232 2735 266 2796 et
291 2735 459 2817 praeterea
482 2734 580 2796 ΓΑΒ
597 2735 636 2813 -l-
653 2733 757 2796 ΑΒΓ
780 2731 906 2797 duobus
934 2733 1032 2798 rectis
1063 2732 1122 2797 mi·

103 2860 201 2903 nores
225 2860 304 2903 esse.

172 2942 263 3030 Ergo
293 2945 435 3010 cuiusuis
459 2945 617 3031 trianguli
645 2946 707 3010 duo
736 2946 849 3032 anguli
877 2947 1002 3013 duobus
1024 2947 1122 3012 rectis

106 3051 251 3116 minores
279 3055 357 3116 sunt
384 3073 514 3136 quoquo
544 3051 641 3117 modo
665 3054 841 3137 coniuncti3
869 3054 955 3139 quod
978 3057 1048 3118 erat
1069 3053 1123 3119 ‹le-

105 3157 365 3223 monstrandum.

177 3332 265 3390 XVII.
284 3333 401 3388 Proelua
421 3352 448 3403 p.
465 3338 531 3402 184,
542 3339 566 3387 1.
599 3334 714 3389 Boetius
732 3355 760 3406 p.
776 3341 890 3402 381,19.

106 3465 150 3514 24.
171 3455 318 3522 ἐλάττονες
336 3459 365 3514 F.
439 3456 511 3513 stow
529 3458 592 3528 Plu
617 3477 707 3531 comp.
727 3461 755 3516 b.
828 3463 933 3534 δεῖξαι]
953 3465 1071 3533 ποιῆσαι
1088 3463 1122 3533 V,

106 3528 157 3584 sed
174 3547 260 3602 supra
277 3547 329 3586 sor.
348 3530 441 3597 δεῖξαι
460 3549 496 3586 m.
513 3537 536 3585 1.
