2514 4012
549 722 590 807 V,
615 724 656 789 19
680 719 754 810 πόρ.

212 847 377 932 Γεγόνασι
406 845 445 914 δὲ
474 849 509 914 οἰ
534 845 629 932 λόγοι
657 846 714 912 καὶ
737 845 880 914 ἐπὶτῶν
907 846 1029 928 ἰσάκις
1061 857 1182 918 πολλα-

145 956 296 1020 πλασίων
319 953 375 1020 καὶ
399 954 543 1022 ἐπὶτῶν
567 949 770 1038 ἀναλογιῶν,
795 952 981 1041 ἐπειδήπερ
1010 954 1078 1023 ἐάν
1095 961 1183 1044 πρά·

144 1085 205 1126 τον
234 1060 393 1147 δευτέρου
421 1060 529 1140 ἰσάκις
560 1051 582 1148 ἦ
609 1059 862 1126 πολλαπλάσιον
890 1060 949 1126 καὶ
981 1067 1109 1150 τρίτον
1135 1088 1179 1130 τε·

110 1167 285 1253 οτάρτον,
315 1171 405 1233 ἔσται
433 1166 488 1233 καὶ
516 1163 561 1246 ὡς
587 1163 625 1233 τὸ
654 1170 789 1254 πρῶτον
817 1162 903 1253 πρὸς
925 1163 967 1233 τὸ
1001 1168 1181 1255 δεύτερον,

147 1273 253 1354 οὕτως
280 1273 318 1341 τὸ
351 1278 466 1359 τρίτον
495 1270 578 1361 πρὸς
604 1270 642 1339 τὸ
676 1273 842 1359 τέταρτον.
893 1268 1015 1341 ούκέτι
1053 1274 1095 1343 δὲ
1127 1275 1179 1342 καὶ

147 1378 374 1469 ἀντιστρέφει·
398 1382 458 1448 ἐὰν
481 1371 502 1468 ᾖ
527 1377 572 1459 ὡς
594 1383 729 1467 πρῶτον
752 1377 835 1467 πρὸς
857 1377 1046 1467 δεύτερον,
1074 1381 1182 1461 οὕτως

146 1492 260 1573 τρίτον
287 1483 372 1574 πρὸς
398 1488 572 1572 τέταρτον,
607 1483 648 1553 ού
676 1485 809 1565 πάντως
839 1489 929 1551 ἔσται
959 1487 1022 1553 καὶ
1052 1485 1097 1556 τὸ
1122 1487 1180 1575 μὲν

147 1597 281 1679 πρῶτον
304 1597 365 1661 τοῦ
390 1594 549 1681 δευτέρον
573 1591 683 1670 ἰσάκις
705 1589 957 1659 πολλαπλάσιον
982 1591 1025 1661 τὸ
1054 1593 1097 1663 δὲ
1117 1600 1185 1684 τρί’1

97 1712 130 1760 10
149 1724 210 1766 τον
232 1702 293 1766 τοῦ
317 1698 488 1788 τετάρτου,
512 1697 666 1784 καθάπερ
690 1699 833 1765 ἐπὶτῶν
856 1693 1030 1783 ἡμιολίων
1062 1695 1087 1787 ἢ
1120 1703 1182 1769 ἐπι·

148 1810 269 1891 τρίτων
292 1806 405 1891 λόγων
428 1800 449 1890 ἢ
473 1804 742 1874 τῶντοιούτων·
766 1803 846 1890 ὅπερ
870 1806 937 1869 ἔδει
965 1807 1094 1886 δεῖξαι.

587 1996 649 2081 VI,
672 1999 724 2063 20.

574 2135 729 2216 ’Ἄλλως

218 2264 382 2345 Δείξομεν
416 2260 457 2347 δὴ
491 2262 547 2328 καὶ
578 2263 695 2349 ἑτέρως
728 2261 989 2348 προχειρότερον
1025 2265 1181 2350 ὁμόλογα

97 2385 130 2432 15
149 2365 189 2432 τά
212 2373 366 2452 τρίγωνα.

215 2470 463 2541 Ἐκκείσθωσαν
490 2471 554 2560 γὰρ
582 2475 683 2541 πάλιν
711 2472 751 2540 τὰ
780 2479 963 2557 ΑΒΓΔΕ,
994 2481 1182 2561 ΖΗΘΚΛ

150 2582 346 2667 πολύγωνα,
374 2583 430 2647 καὶ
460 2582 711 2666 ἐπεζεύχθωσαν
735 2582 773 2646 αἰ
794 2587 872 2664 ΒΕ,
892 2585 969 2663 ΕΓ,
989 2586 1086 2668 ΗΛ,
1108 2590 1181 2650 ΛΘ.

151 2689 252 2773 λέγω,
277 2687 327 2754 ὅτι
352 2684 396 2767 ὡς
418 2684 455 2753 τὸ
481 2692 582 2752 ΑΒΕ
603 2692 768 2771 τρίγωνον
792 2683 874 2770 πρὸς
896 2681 933 2750 τὸ
964 2691 1098 2773 ΖΗΛ,
1129 2689 1182 2755 ού·

151 2819 214 2871 τως
242 2791 280 2859 τὸ
311 2800 412 2861 ΕΒΓ
440 2792 523 2880 πρὸς
556 2790 592 2860 τὸ
616 2799 719 2858 ΛΗΘ
750 2791 806 2858 καὶ
833 2789 871 2858 τὸ
895 2795 927 2856 Γ
924 2797 994 2857 ΛΕ
1021 2794 1117 2882 πρὸς
1144 2794 1182 2862 τὸ

224 2962 247 3008 1.
266 2954 298 3007 In
316 2956 396 3008 textu
414 2956 480 3022 post
499 2953 591 3017 δεῖξαι
609 2971 636 3022 p.
652 2958 695 3020 56,
714 2951 853 3005 3habent
867 2949 985 3019 BFVp,
1006 2951 1055 3005 ed.
1077 2953 1182 3022 Basil.;

150 3044 207 3094 mg.
226 3044 263 3079 m.
285 3032 298 3078 1
319 3027 348 3079 P.
418 3032 442 3079 3.
463 3021 528 3094 ἐπί]
550 3040 604 3078 om.
622 3024 653 3080 F.
690 3025 797 3092 πρῶτος
815 3024 847 3077 Ρ.
915 3027 939 3075 4.
959 3022 1182 3080 πολλαπλάσιον

151 3088 217 3166 ᾖΡ.
292 3101 316 3150 ὅ.
338 3095 416 3150 ἔσται
430 3096 495 3183 καί]
516 3112 586 3149 corr.
611 3113 644 3149 ex
662 3094 711 3149 καὶ
731 3092 809 3149 ἔσται
827 3113 864 3148 m.
886 3100 899 3146 1
919 3091 952 3148 V.
1028 3092 1084 3166 τό]
1106 3097 1184 3164 (alt.)

153 3182 205 3220 om.
225 3167 254 3221 F.
330 3173 352 3221 7.
373 3162 546 3234 άνοιστρεφει
565 3165 596 3220 P.
636 3162 687 3220 ἐὰν
706 3163 760 3236 γάρ
780 3166 822 3220 ed.
843 3163 927 3218 Basil.
965 3158 1003 3224 ὥς
1022 3161 1060 3218 τό
1081 3167 1115 3234 P,
1139 3168 1181 3222 ed,

153 3237 238 3291 Basil.
278 3234 348 3304 πρὸς
366 3234 398 3290 τύ
418 3237 448 3290 Ρ.
522 3244 547 3291 8.
566 3233 598 3291 τὸ
617 3240 710 3305 τρίτον
728 3234 799 3306 πρὸς
817 3233 849 3291 τό
867 3238 898 3292 Ρ.
972 3240 1014 3288 10.
1036 3232 1183 3306 ἡμιολίων

153 3304 242 3377 λόγων
260 3327 288 3376 p.
363 3314 403 3362 11.
427 3303 536 3378 λόγων]
562 3328 598 3377 φ,
622 3326 676 3363 om.
700 3303 717 3375 ἢ
741 3309 797 3362 τῶν
820 3304 970 3374 τοιούτων,
994 3306 1048 3360 sed
1073 3309 1106 3361 in
1132 3310 1182 3365 lin.

153 3394 211 3447 seq.
231 3379 285 3447 leg.
305 3396 322 3432 ω
339 3396 376 3431 m.
393 3385 421 3432 l:
440 3376 530 3446 λόγων
550 3373 637 3447 ἢτῶν
652 3373 788 3432 τοιούτων
807 3381 923 3446 (θοντο),
943 3393 998 3431 om.
1012 3375 1047 3434 P.
1108 3373 1183 3450 ὅπερ

154 3448 212 3503 ἔδει
236 3450 344 3520 δεῖξαι]
369 3445 439 3520 ὅπερ
458 3452 494 3517 F3
519 3469 571 3505 om.
591 3451 621 3507 P.
696 3456 737 3505 12.
757 3449 900 3517 PBPVp3
925 3448 974 3502 cfr.
1000 3445 1183 3520 Campanus.
