<?xml version="1.0" encoding="UTF-8"?>
<!DOCTYPE html PUBLIC "-//W3C//DTD XHTML 1.0 Transitional//EN"
    "http://www.w3.org/TR/xhtml1/DTD/xhtml1-transitional.dtd">
<html xmlns="http://www.w3.org/1999/xhtml" xml:lang="en" lang="en">
 <head>
  <title>
</title>
<meta http-equiv="Content-Type" content="text/html;charset=utf-8" />
  <meta name='ocr-system' content='tesseract 3.04.00' />
  <meta name='ocr-capabilities' content='ocr_page ocr_carea ocr_par ocr_line ocrx_word'/>
</head>
<body>
  <div class='ocr_page' id='page_1' title='image "./euclidisoperaom03unkngoog_0735.png"; bbox 0 0 2514 4012; ppageno 0'>
   <div class='ocr_carea' id='block_1_1' title="bbox 185 180 823 255">
    <p class='ocr_par' dir='ltr' id='par_1_1' title="bbox 185 180 823 255">
     <span class='ocr_line' id='line_1_1' title="bbox 185 180 823 255; baseline 0.005 -17"><span class='ocrx_word' id='word_1_1' title='bbox 185 189 251 255; x_wconf 78' lang='lat'><strong><em>356</em></strong></span> <span class='ocrx_word' id='word_1_2' title='bbox 561 186 762 239; x_wconf 64' lang='lat' dir='ltr'><em>2601me</em></span> <span class='ocrx_word' id='word_1_3' title='bbox 779 180 823 242; x_wconf 76' lang='grc' dir='ltr'><strong><em>ε’.</em></strong></span> 
     </span>
    </p>
   </div>
   <div class='ocr_carea' id='block_1_2' title="bbox 128 326 1212 2854">
    <p class='ocr_par' dir='ltr' id='par_1_2' title="bbox 149 326 1212 1266">
     <span class='ocr_line' id='line_1_2' title="bbox 185 326 1212 420; baseline -0.002 -21"><span class='ocrx_word' id='word_1_4' title='bbox 185 332 324 399; x_wconf 88' lang='grc' dir='ltr'><strong><em>δεικται·</em></strong></span> <span class='ocrx_word' id='word_1_5' title='bbox 348 330 433 414; x_wconf 79' lang='grc' dir='ltr'><strong><em>λέγω</em></strong></span> <span class='ocrx_word' id='word_1_6' title='bbox 458 327 542 416; x_wconf 56' lang='lat' dir='ltr'><strong><em>[m</em></strong></span> <span class='ocrx_word' id='word_1_7' title='bbox 566 326 617 398; x_wconf 81' lang='grc' dir='ltr'><strong><em>ὅτι</em></strong></span> <span class='ocrx_word' id='word_1_8' title='bbox 639 329 695 395; x_wconf 86' lang='grc' dir='ltr'><strong><em>καὶ</em></strong></span> <span class='ocrx_word' id='word_1_9' title='bbox 720 332 755 396; x_wconf 82' lang='grc' dir='ltr'><strong><em>ολ</em></strong></span> <span class='ocrx_word' id='word_1_10' title='bbox 771 328 883 395; x_wconf 83' lang='grc' dir='ltr'><strong><em>λοιποὶ</em></strong></span> <span class='ocrx_word' id='word_1_11' title='bbox 901 329 1033 409; x_wconf 89' lang='grc' dir='ltr'><strong><em>πάντες</em></strong></span> <span class='ocrx_word' id='word_1_12' title='bbox 1052 329 1212 420; x_wconf 77' lang='grc' dir='ltr'><strong><em>τετράγω-</em></strong></span> 
     </span>
     <span class='ocr_line' id='line_1_3' title="bbox 184 431 1211 523; baseline -0.001 -18"><span class='ocrx_word' id='word_1_13' title='bbox 184 443 244 506; x_wconf 88' lang='grc' dir='ltr'><strong><em>νοί</em></strong></span> <span class='ocrx_word' id='word_1_14' title='bbox 264 442 358 505; x_wconf 78' lang='grc' dir='ltr'><strong><em>εἰσιν.</em></strong></span> <span class='ocrx_word' id='word_1_15' title='bbox 399 436 471 504; x_wconf 77' lang='grc' dir='ltr'><strong><em>ἐπεὶ</em></strong></span> <span class='ocrx_word' id='word_1_16' title='bbox 493 434 558 523; x_wconf 83' lang='grc' dir='ltr'><strong><em>γὰρ</em></strong></span> <span class='ocrx_word' id='word_1_17' title='bbox 583 438 617 502; x_wconf 76' lang='grc' dir='ltr'><strong><em>οἱ</em></strong></span> <span class='ocrx_word' id='word_1_18' title='bbox 638 443 682 521; x_wconf 85' lang='lat' dir='ltr'><strong><em>A,</em></strong></span> <span class='ocrx_word' id='word_1_19' title='bbox 700 442 740 520; x_wconf 92' lang='grc' dir='ltr'><strong><em>Β,</em></strong></span> <span class='ocrx_word' id='word_1_20' title='bbox 758 440 791 502; x_wconf 90' lang='grc' dir='ltr'><strong><em>Γ</em></strong></span> <span class='ocrx_word' id='word_1_21' title='bbox 810 434 885 520; x_wconf 77' lang='grc' dir='ltr'><strong><em>ἑξῆς</em></strong></span> <span class='ocrx_word' id='word_1_22' title='bbox 908 431 1099 522; x_wconf 79' lang='grc' dir='ltr'><strong><em>ἀνάλογόν</em></strong></span> <span class='ocrx_word' id='word_1_23' title='bbox 1122 441 1211 521; x_wconf 78' lang='grc' dir='ltr'><strong><em>εἰσιν,</em></strong></span> 
     </span>
     <span class='ocr_line' id='line_1_4' title="bbox 184 537 1211 629; baseline 0 -19"><span class='ocrx_word' id='word_1_24' title='bbox 184 548 244 612; x_wconf 82' lang='grc' dir='ltr'><strong><em>καί</em></strong></span> <span class='ocrx_word' id='word_1_25' title='bbox 264 545 355 610; x_wconf 82' lang='grc' dir='ltr'><strong><em>ἐστιν</em></strong></span> <span class='ocrx_word' id='word_1_26' title='bbox 378 539 396 610; x_wconf 94' lang='lat'><em>6</em></span> <span class='ocrx_word' id='word_1_27' title='bbox 417 551 449 609; x_wconf 88' lang='lat' dir='ltr'><em>A</em></span> <span class='ocrx_word' id='word_1_28' title='bbox 470 541 689 628; x_wconf 75' lang='grc' dir='ltr'><strong><em>τετράγωνος,</em></strong></span> <span class='ocrx_word' id='word_1_29' title='bbox 712 542 768 608; x_wconf 80' lang='grc' dir='ltr'><strong><em>καὶ</em></strong></span> <span class='ocrx_word' id='word_1_30' title='bbox 792 538 858 609; x_wconf 86' lang='grc' dir='ltr'><strong><em>δΓ</em></strong></span> <span class='ocrx_word' id='word_1_31' title='bbox 878 537 974 628; x_wconf 78' lang='grc' dir='ltr'><strong><em>[ἄρα]</em></strong></span> <span class='ocrx_word' id='word_1_32' title='bbox 999 544 1211 629; x_wconf 73' lang='grc' dir='ltr'><strong><em>τετράγωνος</em></strong></span> 
     </span>
     <span class='ocr_line' id='line_1_5' title="bbox 183 645 1210 736; baseline 0 -19"><span class='ocrx_word' id='word_1_33' title='bbox 183 652 284 718; x_wconf 83' lang='grc' dir='ltr'><strong><em>ἐστιν.</em></strong></span> <span class='ocrx_word' id='word_1_34' title='bbox 330 649 446 733; x_wconf 91' lang='grc' dir='ltr'><strong><em>πάλιν,</em></strong></span> <span class='ocrx_word' id='word_1_35' title='bbox 476 649 547 716; x_wconf 82' lang='grc' dir='ltr'><strong><em>ἐπεὶ</em></strong></span> <span class='ocrx_word' id='word_1_36' title='bbox 577 647 659 731; x_wconf 80' lang='grc' dir='ltr'><strong><em>[καὶ]</em></strong></span> <span class='ocrx_word' id='word_1_37' title='bbox 689 650 724 715; x_wconf 77' lang='grc' dir='ltr'><strong><em>οἱ</em></strong></span> <span class='ocrx_word' id='word_1_38' title='bbox 745 653 789 734; x_wconf 97' lang='grc' dir='ltr'><strong><em>Β,</em></strong></span> <span class='ocrx_word' id='word_1_39' title='bbox 813 651 851 732; x_wconf 92' lang='grc' dir='ltr'><strong><em>Γ,</em></strong></span> <span class='ocrx_word' id='word_1_40' title='bbox 875 655 909 713; x_wconf 89' lang='grc' dir='ltr'><em>Δ</em></span> <span class='ocrx_word' id='word_1_41' title='bbox 932 647 1014 734; x_wconf 82' lang='grc' dir='ltr'><strong><em>ἑξῆς</em></strong></span> <span class='ocrx_word' id='word_1_42' title='bbox 1039 645 1210 736; x_wconf 81' lang='grc' dir='ltr'><strong><em>άνάλογύν</em></strong></span> 
     </span>
     <span class='ocr_line' id='line_1_6' title="bbox 149 750 1209 844; baseline 0.004 -25"><span class='ocrx_word' id='word_1_43' title='bbox 149 760 286 841; x_wconf 76' lang='grc' dir='ltr'><strong><em>σελσιν,</em></strong></span> <span class='ocrx_word' id='word_1_44' title='bbox 314 760 373 822; x_wconf 81' lang='grc' dir='ltr'><strong><em>καί</em></strong></span> <span class='ocrx_word' id='word_1_45' title='bbox 398 751 532 822; x_wconf 71' lang='grc' dir='ltr'><strong><em>ἐστινδ</em></strong></span> <span class='ocrx_word' id='word_1_46' title='bbox 557 760 586 821; x_wconf 91' lang='grc' dir='ltr'><strong>Β</strong></span> <span class='ocrx_word' id='word_1_47' title='bbox 608 755 832 840; x_wconf 85' lang='grc' dir='ltr'><strong><em>τετράγωνος,</em></strong></span> <span class='ocrx_word' id='word_1_48' title='bbox 854 753 910 820; x_wconf 82' lang='grc' dir='ltr'><strong><em>καλ</em></strong></span> <span class='ocrx_word' id='word_1_49' title='bbox 935 750 954 821; x_wconf 95' lang='lat'><em>6</em></span> <span class='ocrx_word' id='word_1_50' title='bbox 982 762 1018 820; x_wconf 82' lang='lat' dir='ltr'><em>A</em></span> <span class='ocrx_word' id='word_1_51' title='bbox 1047 753 1147 844; x_wconf 74' lang='grc' dir='ltr'><strong><em>[ἄρα]</em></strong></span> <span class='ocrx_word' id='word_1_52' title='bbox 1169 781 1209 823; x_wconf 85' lang='grc' dir='ltr'><strong><em>τε·</em></strong></span> 
     </span>
     <span class='ocr_line' id='line_1_7' title="bbox 182 857 1210 951; baseline 0.002 -22"><span class='ocrx_word' id='word_1_53' title='bbox 182 861 353 951; x_wconf 82' lang='grc' dir='ltr'><strong><em>τράγωνός</em></strong></span> <span class='ocrx_word' id='word_1_54' title='bbox 376 862 476 928; x_wconf 81' lang='grc' dir='ltr'><strong><em>ἐστιν.</em></strong></span> <span class='ocrx_word' id='word_1_55' title='bbox 514 858 637 947; x_wconf 83' lang='grc' dir='ltr'><strong><em>ὁμοίως</em></strong></span> <span class='ocrx_word' id='word_1_56' title='bbox 661 858 703 945; x_wconf 77' lang='grc' dir='ltr'><strong><em>δὴ</em></strong></span> <span class='ocrx_word' id='word_1_57' title='bbox 729 860 897 946; x_wconf 84' lang='grc' dir='ltr'><strong><em>δείξομεν,</em></strong></span> <span class='ocrx_word' id='word_1_58' title='bbox 920 857 976 927; x_wconf 83' lang='grc' dir='ltr'><strong><em>ὅτι</em></strong></span> <span class='ocrx_word' id='word_1_59' title='bbox 1000 862 1067 929; x_wconf 85' lang='grc' dir='ltr'><strong><em>καλ</em></strong></span> <span class='ocrx_word' id='word_1_60' title='bbox 1091 867 1130 930; x_wconf 81' lang='grc' dir='ltr'><strong><em>ολ</em></strong></span> <span class='ocrx_word' id='word_1_61' title='bbox 1149 871 1210 930; x_wconf 89' lang='grc' dir='ltr'><strong><em>λοι-</em></strong></span> 
     </span>
     <span class='ocr_line' id='line_1_8' title="bbox 182 966 727 1052; baseline -0.009 -13"><span class='ocrx_word' id='word_1_62' title='bbox 182 968 239 1039; x_wconf 81' lang='grc' dir='ltr'><strong><em>ποὶ</em></strong></span> <span class='ocrx_word' id='word_1_63' title='bbox 263 966 384 1046; x_wconf 88' lang='grc' dir='ltr'><strong><em>πάντες</em></strong></span> <span class='ocrx_word' id='word_1_64' title='bbox 406 966 612 1052; x_wconf 82' lang='grc' dir='ltr'><strong><em>τετράγωνοί</em></strong></span> <span class='ocrx_word' id='word_1_65' title='bbox 632 970 727 1034; x_wconf 78' lang='grc' dir='ltr'><strong><em>εἰσιν.</em></strong></span> 
     </span>
     <span class='ocr_line' id='line_1_9' title="bbox 247 1069 1209 1160; baseline 0.001 -20"><span class='ocrx_word' id='word_1_66' title='bbox 247 1071 344 1140; x_wconf 84' lang='grc' dir='ltr'><strong><em>Ἀλλδι</em></strong></span> <span class='ocrx_word' id='word_1_67' title='bbox 374 1072 417 1160; x_wconf 82' lang='grc' dir='ltr'><strong><em>δὴ</em></strong></span> <span class='ocrx_word' id='word_1_68' title='bbox 442 1078 525 1140; x_wconf 85' lang='grc' dir='ltr'><strong><em>ἔστω</em></strong></span> <span class='ocrx_word' id='word_1_69' title='bbox 549 1070 567 1140; x_wconf 94' lang='lat'><em>6</em></span> <span class='ocrx_word' id='word_1_70' title='bbox 592 1082 624 1140; x_wconf 88' lang='lat' dir='ltr'><em>A</em></span> <span class='ocrx_word' id='word_1_71' title='bbox 646 1075 761 1159; x_wconf 80' lang='grc' dir='ltr'><strong><em>κύβος·</em></strong></span> <span class='ocrx_word' id='word_1_72' title='bbox 793 1073 893 1159; x_wconf 77' lang='grc' dir='ltr'><strong><em>λέγω,</em></strong></span> <span class='ocrx_word' id='word_1_73' title='bbox 921 1069 975 1139; x_wconf 83' lang='grc' dir='ltr'><strong><em>ὅτι</em></strong></span> <span class='ocrx_word' id='word_1_74' title='bbox 999 1072 1065 1140; x_wconf 80' lang='grc' dir='ltr'><strong><em>καὶ</em></strong></span> <span class='ocrx_word' id='word_1_75' title='bbox 1091 1079 1129 1145; x_wconf 81' lang='grc' dir='ltr'><strong><em>ολ</em></strong></span> <span class='ocrx_word' id='word_1_76' title='bbox 1149 1082 1209 1143; x_wconf 90' lang='grc' dir='ltr'><strong><em>λοι-</em></strong></span> 
     </span>
     <span class='ocr_line' id='line_1_10' title="bbox 182 1178 625 1266; baseline -0.002 -19"><span class='ocrx_word' id='word_1_77' title='bbox 182 1181 239 1247; x_wconf 80' lang='grc' dir='ltr'><strong><em>πολ</em></strong></span> <span class='ocrx_word' id='word_1_78' title='bbox 262 1178 384 1259; x_wconf 88' lang='grc' dir='ltr'><strong><em>πάντες</em></strong></span> <span class='ocrx_word' id='word_1_79' title='bbox 406 1179 507 1266; x_wconf 83' lang='grc' dir='ltr'><strong><em>κύβοι</em></strong></span> <span class='ocrx_word' id='word_1_80' title='bbox 530 1184 625 1247; x_wconf 78' lang='grc' dir='ltr'><strong><em>εἰσίν.</em></strong></span> 
     </span>
    </p>

    <p class='ocr_par' dir='ltr' id='par_1_3' title="bbox 130 1277 1207 1795">
     <span class='ocr_line' id='line_1_11' title="bbox 130 1277 1207 1372; baseline 0.005 -23"><span class='ocrx_word' id='word_1_81' title='bbox 130 1301 163 1349; x_wconf 86' lang='grc'><strong><em>10</em></strong></span> <span class='ocrx_word' id='word_1_82' title='bbox 241 1283 310 1352; x_wconf 82' lang='grc' dir='ltr'><strong><em>Ὅτι</em></strong></span> <span class='ocrx_word' id='word_1_83' title='bbox 334 1285 395 1371; x_wconf 71' lang='grc' dir='ltr'><strong><em>μὲν</em></strong></span> <span class='ocrx_word' id='word_1_84' title='bbox 419 1277 484 1354; x_wconf 82' lang='grc' dir='ltr'><strong><em>οὖν</em></strong></span> <span class='ocrx_word' id='word_1_85' title='bbox 508 1282 526 1352; x_wconf 95' lang='lat'><em>6</em></span> <span class='ocrx_word' id='word_1_86' title='bbox 552 1286 706 1372; x_wconf 77' lang='grc' dir='ltr'><strong><em>τέταρτος</em></strong></span> <span class='ocrx_word' id='word_1_87' title='bbox 729 1282 793 1353; x_wconf 86' lang='grc' dir='ltr'><strong><em>άπὸ</em></strong></span> <span class='ocrx_word' id='word_1_88' title='bbox 817 1287 876 1370; x_wconf 80' lang='grc' dir='ltr'><strong><em>τῆς</em></strong></span> <span class='ocrx_word' id='word_1_89' title='bbox 892 1283 1051 1369; x_wconf 76' lang='grc' dir='ltr'><strong><em>μονάδος</em></strong></span> <span class='ocrx_word' id='word_1_90' title='bbox 1071 1283 1090 1354; x_wconf 93' lang='lat'><em>6</em></span> <span class='ocrx_word' id='word_1_91' title='bbox 1110 1293 1145 1354; x_wconf 91' lang='grc' dir='ltr'><strong><em>Γ</em></strong></span> <span class='ocrx_word' id='word_1_92' title='bbox 1157 1285 1207 1354; x_wconf 87' lang='grc' dir='ltr'><strong><em>κύ-</em></strong></span> 
     </span>
     <span class='ocr_line' id='line_1_12' title="bbox 181 1389 1207 1477; baseline 0.004 -20"><span class='ocrx_word' id='word_1_93' title='bbox 181 1397 241 1477; x_wconf 88' lang='grc' dir='ltr'><strong><em>βος</em></strong></span> <span class='ocrx_word' id='word_1_94' title='bbox 271 1391 339 1458; x_wconf 78' lang='grc' dir='ltr'><strong><em>ἐστὶ</em></strong></span> <span class='ocrx_word' id='word_1_95' title='bbox 368 1392 424 1458; x_wconf 85' lang='grc' dir='ltr'><strong><em>καὶ</em></strong></span> <span class='ocrx_word' id='word_1_96' title='bbox 455 1394 490 1458; x_wconf 76' lang='grc' dir='ltr'><strong><em>οἱ</em></strong></span> <span class='ocrx_word' id='word_1_97' title='bbox 517 1389 580 1458; x_wconf 90' lang='grc' dir='ltr'><strong><em>δύο</em></strong></span> <span class='ocrx_word' id='word_1_98' title='bbox 610 1395 835 1470; x_wconf 74' lang='grc' dir='ltr'><strong><em>διαλείποντες</em></strong></span> <span class='ocrx_word' id='word_1_99' title='bbox 856 1389 994 1476; x_wconf 86' lang='grc' dir='ltr'><strong><em>πάντες,</em></strong></span> <span class='ocrx_word' id='word_1_100' title='bbox 1029 1394 1207 1461; x_wconf 81' lang='grc' dir='ltr'><strong><em>δέδεικται’</em></strong></span> 
     </span>
     <span class='ocr_line' id='line_1_13' title="bbox 181 1493 1205 1581; baseline 0.002 -19"><span class='ocrx_word' id='word_1_101' title='bbox 181 1499 266 1581; x_wconf 79' lang='grc' dir='ltr'><strong><em>λέγω</em></strong></span> <span class='ocrx_word' id='word_1_102' title='bbox 292 1495 374 1581; x_wconf 84' lang='grc' dir='ltr'>[δή],</span> <span class='ocrx_word' id='word_1_103' title='bbox 399 1494 450 1564; x_wconf 83' lang='grc' dir='ltr'><strong><em>ὅτι</em></strong></span> <span class='ocrx_word' id='word_1_104' title='bbox 473 1497 530 1564; x_wconf 87' lang='grc' dir='ltr'><strong><em>καὶ</em></strong></span> <span class='ocrx_word' id='word_1_105' title='bbox 554 1499 589 1563; x_wconf 81' lang='grc' dir='ltr'><strong><em>ολ</em></strong></span> <span class='ocrx_word' id='word_1_106' title='bbox 610 1497 721 1564; x_wconf 84' lang='grc' dir='ltr'><strong><em>λοιποὶ</em></strong></span> <span class='ocrx_word' id='word_1_107' title='bbox 745 1493 867 1574; x_wconf 88' lang='grc' dir='ltr'><strong><em>πάντες</em></strong></span> <span class='ocrx_word' id='word_1_108' title='bbox 884 1494 983 1580; x_wconf 84' lang='grc' dir='ltr'><strong><em>κύβοι</em></strong></span> <span class='ocrx_word' id='word_1_109' title='bbox 1004 1501 1109 1568; x_wconf 79' lang='grc' dir='ltr'><strong><em>εἰσίν.</em></strong></span> <span class='ocrx_word' id='word_1_110' title='bbox 1143 1498 1205 1566; x_wconf 78' lang='grc' dir='ltr'><strong><em>ἐπεὶ</em></strong></span> 
     </span>
     <span class='ocr_line' id='line_1_14' title="bbox 181 1599 1205 1693; baseline 0.003 -24"><span class='ocrx_word' id='word_1_111' title='bbox 181 1601 244 1688; x_wconf 80' lang='grc' dir='ltr'><strong><em>γάρ</em></strong></span> <span class='ocrx_word' id='word_1_112' title='bbox 269 1604 359 1669; x_wconf 78' lang='grc' dir='ltr'><strong><em>ἐστιν</em></strong></span> <span class='ocrx_word' id='word_1_113' title='bbox 384 1601 429 1680; x_wconf 79' lang='grc' dir='ltr'><strong><em>ὡς</em></strong></span> <span class='ocrx_word' id='word_1_114' title='bbox 452 1599 474 1687; x_wconf 81' lang='grc' dir='ltr'>ἡ</span> <span class='ocrx_word' id='word_1_115' title='bbox 497 1601 602 1688; x_wconf 85' lang='grc' dir='ltr'><strong><em>μονὰς</em></strong></span> <span class='ocrx_word' id='word_1_116' title='bbox 624 1600 707 1691; x_wconf 89' lang='grc' dir='ltr'><strong><em>πρὸς</em></strong></span> <span class='ocrx_word' id='word_1_117' title='bbox 730 1600 795 1669; x_wconf 87' lang='grc' dir='ltr'><strong><em>τὸν</em></strong></span> <span class='ocrx_word' id='word_1_118' title='bbox 817 1610 863 1687; x_wconf 87' lang='lat' dir='ltr'><strong><em>A,</em></strong></span> <span class='ocrx_word' id='word_1_119' title='bbox 888 1600 995 1682; x_wconf 83' lang='grc' dir='ltr'><strong><em>οὕτως</em></strong></span> <span class='ocrx_word' id='word_1_120' title='bbox 1022 1600 1043 1672; x_wconf 92' lang='lat'><em>6</em></span> <span class='ocrx_word' id='word_1_121' title='bbox 1071 1614 1104 1671; x_wconf 92' lang='lat' dir='ltr'><em>A</em></span> <span class='ocrx_word' id='word_1_122' title='bbox 1127 1601 1205 1693; x_wconf 84' lang='grc' dir='ltr'><strong><em>πρὸς</em></strong></span> 
     </span>
     <span class='ocr_line' id='line_1_15' title="bbox 181 1705 1204 1795; baseline 0.002 -20"><span class='ocrx_word' id='word_1_123' title='bbox 181 1707 241 1776; x_wconf 88' lang='grc' dir='ltr'><strong><em>τὸν</em></strong></span> <span class='ocrx_word' id='word_1_124' title='bbox 261 1716 300 1793; x_wconf 89' lang='grc' dir='ltr'><strong><em>Β,</em></strong></span> <span class='ocrx_word' id='word_1_125' title='bbox 325 1706 434 1787; x_wconf 80' lang='grc' dir='ltr'><strong><em>ἰσάκις</em></strong></span> <span class='ocrx_word' id='word_1_126' title='bbox 457 1706 522 1794; x_wconf 84' lang='grc' dir='ltr'><strong><em>άρα</em></strong></span> <span class='ocrx_word' id='word_1_127' title='bbox 544 1706 564 1794; x_wconf 79' lang='grc' dir='ltr'><strong><em>ἡ</em></strong></span> <span class='ocrx_word' id='word_1_128' title='bbox 591 1705 695 1795; x_wconf 84' lang='grc' dir='ltr'><strong><em>μονὰς</em></strong></span> <span class='ocrx_word' id='word_1_129' title='bbox 720 1706 781 1775; x_wconf 89' lang='grc' dir='ltr'><strong><em>τὸν</em></strong></span> <span class='ocrx_word' id='word_1_130' title='bbox 795 1716 828 1775; x_wconf 90' lang='lat' dir='ltr'><em>A</em></span> <span class='ocrx_word' id='word_1_131' title='bbox 851 1721 965 1795; x_wconf 80' lang='grc' dir='ltr'><strong><em>μετρεῖ</em></strong></span> <span class='ocrx_word' id='word_1_132' title='bbox 981 1709 1042 1776; x_wconf 80' lang='grc' dir='ltr'><strong><em>καὶ</em></strong></span> <span class='ocrx_word' id='word_1_133' title='bbox 1063 1708 1132 1779; x_wconf 88' lang='grc' dir='ltr'><strong><em>ὁΑ</em></strong></span> <span class='ocrx_word' id='word_1_134' title='bbox 1149 1708 1204 1778; x_wconf 81' lang='grc' dir='ltr'><strong><em>τὸν</em></strong></span> 
     </span>
    </p>

    <p class='ocr_par' dir='ltr' id='par_1_4' title="bbox 129 1811 1202 2326">
     <span class='ocr_line' id='line_1_16' title="bbox 129 1811 1202 1909; baseline 0.007 -33"><span class='ocrx_word' id='word_1_135' title='bbox 129 1829 164 1877; x_wconf 74' lang='grc' dir='ltr'><strong><em>,ιῡ</em></strong></span> <span class='ocrx_word' id='word_1_136' title='bbox 185 1821 221 1882; x_wconf 90' lang='grc' dir='ltr'><strong><em>Β.</em></strong></span> <span class='ocrx_word' id='word_1_137' title='bbox 258 1814 279 1900; x_wconf 80' lang='grc' dir='ltr'><em>ἡ</em></span> <span class='ocrx_word' id='word_1_138' title='bbox 310 1813 347 1881; x_wconf 72' lang='grc' dir='ltr'><strong><em>δὲ</em></strong></span> <span class='ocrx_word' id='word_1_139' title='bbox 376 1816 482 1899; x_wconf 80' lang='grc' dir='ltr'><strong><em>μονὰς</em></strong></span> <span class='ocrx_word' id='word_1_140' title='bbox 509 1813 570 1882; x_wconf 91' lang='grc' dir='ltr'><strong><em>τὸν</em></strong></span> <span class='ocrx_word' id='word_1_141' title='bbox 594 1826 625 1880; x_wconf 91' lang='lat' dir='ltr'><em>A</em></span> <span class='ocrx_word' id='word_1_142' title='bbox 647 1827 760 1902; x_wconf 78' lang='grc' dir='ltr'><strong><em>μετρεῖ</em></strong></span> <span class='ocrx_word' id='word_1_143' title='bbox 781 1811 864 1881; x_wconf 83' lang='grc' dir='ltr'><strong><em>κατὰ</em></strong></span> <span class='ocrx_word' id='word_1_144' title='bbox 886 1814 944 1893; x_wconf 80' lang='grc' dir='ltr'><strong><em>τὰς</em></strong></span> <span class='ocrx_word' id='word_1_145' title='bbox 967 1816 1006 1882; x_wconf 78' lang='grc' dir='ltr'><strong><em>ἐν</em></strong></span> <span class='ocrx_word' id='word_1_146' title='bbox 1032 1814 1127 1909; x_wconf 77' lang='grc' dir='ltr'><strong><em>αύτῷ</em></strong></span> <span class='ocrx_word' id='word_1_147' title='bbox 1150 1842 1202 1903; x_wconf 77' lang='grc' dir='ltr'><strong><em>μα</em></strong></span> 
     </span>
     <span class='ocr_line' id='line_1_17' title="bbox 181 1918 1197 2013; baseline 0.003 -25"><span class='ocrx_word' id='word_1_148' title='bbox 181 1919 298 1999; x_wconf 86' lang='grc' dir='ltr'><strong><em>νάδας·</em></strong></span> <span class='ocrx_word' id='word_1_149' title='bbox 335 1922 390 1987; x_wconf 81' lang='grc' dir='ltr'><strong><em>καὶ</em></strong></span> <span class='ocrx_word' id='word_1_150' title='bbox 415 1922 432 1989; x_wconf 92' lang='lat'><em>6</em></span> <span class='ocrx_word' id='word_1_151' title='bbox 454 1931 485 1989; x_wconf 91' lang='lat' dir='ltr'><em>A</em></span> <span class='ocrx_word' id='word_1_152' title='bbox 508 1919 573 2010; x_wconf 86' lang='grc' dir='ltr'><strong><em>άρα</em></strong></span> <span class='ocrx_word' id='word_1_153' title='bbox 596 1918 699 1988; x_wconf 88' lang='grc' dir='ltr'><strong><em>τδνΒ</em></strong></span> <span class='ocrx_word' id='word_1_154' title='bbox 725 1933 838 2008; x_wconf 77' lang='grc' dir='ltr'><strong><em>μετρεῖ</em></strong></span> <span class='ocrx_word' id='word_1_155' title='bbox 857 1921 941 1986; x_wconf 83' lang='grc' dir='ltr'><strong><em>κατὰ</em></strong></span> <span class='ocrx_word' id='word_1_156' title='bbox 962 1922 1024 1999; x_wconf 83' lang='grc' dir='ltr'><strong><em>τὰς</em></strong></span> <span class='ocrx_word' id='word_1_157' title='bbox 1050 1924 1088 1990; x_wconf 83' lang='grc' dir='ltr'><strong><em>ἐν</em></strong></span> <span class='ocrx_word' id='word_1_158' title='bbox 1112 1923 1197 2013; x_wconf 76' lang='grc' dir='ltr'><strong><em>αύτῷ</em></strong></span> 
     </span>
     <span class='ocr_line' id='line_1_18' title="bbox 181 2024 1196 2115; baseline -0.001 -21"><span class='ocrx_word' id='word_1_159' title='bbox 181 2026 342 2113; x_wconf 89' lang='grc' dir='ltr'><strong><em>μονάδας·</em></strong></span> <span class='ocrx_word' id='word_1_160' title='bbox 382 2025 399 2093; x_wconf 95' lang='lat'><em>6</em></span> <span class='ocrx_word' id='word_1_161' title='bbox 433 2035 465 2093; x_wconf 93' lang='lat' dir='ltr'><em>A</em></span> <span class='ocrx_word' id='word_1_162' title='bbox 496 2024 562 2115; x_wconf 85' lang='grc' dir='ltr'><strong><em>άρα</em></strong></span> <span class='ocrx_word' id='word_1_163' title='bbox 594 2025 716 2094; x_wconf 85' lang='grc' dir='ltr'><strong><em>ἑαυτὸν</em></strong></span> <span class='ocrx_word' id='word_1_164' title='bbox 750 2026 1048 2106; x_wconf 77' lang='grc' dir='ltr'><strong><em>πολλαπλασιάσας</em></strong></span> <span class='ocrx_word' id='word_1_165' title='bbox 1078 2027 1143 2097; x_wconf 91' lang='grc' dir='ltr'><strong><em>τὸν</em></strong></span> <span class='ocrx_word' id='word_1_166' title='bbox 1173 2033 1196 2093; x_wconf 88' lang='grc' dir='ltr'><em>Β</em></span> 
     </span>
     <span class='ocr_line' id='line_1_19' title="bbox 180 2129 1200 2221; baseline 0.003 -23"><span class='ocrx_word' id='word_1_167' title='bbox 180 2137 367 2216; x_wconf 84' lang='grc' dir='ltr'><strong><em>πεποίηκεν.</em></strong></span> <span class='ocrx_word' id='word_1_168' title='bbox 408 2137 466 2198; x_wconf 86' lang='grc' dir='ltr'><strong><em>καί</em></strong></span> <span class='ocrx_word' id='word_1_169' title='bbox 487 2133 577 2198; x_wconf 81' lang='grc' dir='ltr'><strong><em>ἐστιν</em></strong></span> <span class='ocrx_word' id='word_1_170' title='bbox 597 2132 615 2199; x_wconf 93' lang='lat'><em>6</em></span> <span class='ocrx_word' id='word_1_171' title='bbox 636 2141 667 2198; x_wconf 90' lang='lat' dir='ltr'><em>A</em></span> <span class='ocrx_word' id='word_1_172' title='bbox 690 2131 801 2218; x_wconf 89' lang='grc' dir='ltr'><strong><em>κύβος.</em></strong></span> <span class='ocrx_word' id='word_1_173' title='bbox 837 2130 896 2198; x_wconf 82' lang='grc' dir='ltr'><strong><em>ἐὰν</em></strong></span> <span class='ocrx_word' id='word_1_174' title='bbox 921 2129 958 2197; x_wconf 71' lang='grc' dir='ltr'><strong><em>δὲ</em></strong></span> <span class='ocrx_word' id='word_1_175' title='bbox 983 2131 1092 2218; x_wconf 84' lang='grc' dir='ltr'><strong><em>κύβος</em></strong></span> <span class='ocrx_word' id='word_1_176' title='bbox 1112 2131 1200 2221; x_wconf 84' lang='grc' dir='ltr'><strong><em>άριδ·</em></strong></span> 
     </span>
     <span class='ocr_line' id='line_1_20' title="bbox 181 2236 1198 2326; baseline 0.001 -20"><span class='ocrx_word' id='word_1_177' title='bbox 181 2237 242 2325; x_wconf 90' lang='grc' dir='ltr'><strong><em>μὸς</em></strong></span> <span class='ocrx_word' id='word_1_178' title='bbox 271 2239 363 2305; x_wconf 75' lang='grc' dir='ltr'><strong><em>ἑαυτὲ</em></strong></span> <span class='ocrx_word' id='word_1_179' title='bbox 372 2265 391 2304; x_wconf 94' lang='grc' dir='ltr'><strong><em>ν</em></strong></span> <span class='ocrx_word' id='word_1_180' title='bbox 420 2236 710 2317; x_wconf 79' lang='grc' dir='ltr'><strong><em>πολλαπλασιάσας</em></strong></span> <span class='ocrx_word' id='word_1_181' title='bbox 738 2242 817 2325; x_wconf 80' lang='grc' dir='ltr'><strong><em>ποιῇ</em></strong></span> <span class='ocrx_word' id='word_1_182' title='bbox 847 2264 937 2321; x_wconf 89' lang='grc' dir='ltr'><strong><em>τινα,</em></strong></span> <span class='ocrx_word' id='word_1_183' title='bbox 969 2237 986 2305; x_wconf 97' lang='lat'><em>6</em></span> <span class='ocrx_word' id='word_1_184' title='bbox 1020 2242 1198 2326; x_wconf 78' lang='grc' dir='ltr'><strong><em>γενόμενος</em></strong></span> 
     </span>
    </p>

    <p class='ocr_par' dir='ltr' id='par_1_5' title="bbox 128 2342 1198 2854">
     <span class='ocr_line' id='line_1_21' title="bbox 128 2342 1198 2430; baseline 0.006 -23"><span class='ocrx_word' id='word_1_185' title='bbox 128 2360 162 2407; x_wconf 78' lang='lat'><strong><em>20</em></strong></span> <span class='ocrx_word' id='word_1_186' title='bbox 181 2344 282 2428; x_wconf 87' lang='grc' dir='ltr'><strong><em>κύβος</em></strong></span> <span class='ocrx_word' id='word_1_187' title='bbox 307 2347 408 2410; x_wconf 84' lang='grc' dir='ltr'><strong><em>ἐστίν·</em></strong></span> <span class='ocrx_word' id='word_1_188' title='bbox 442 2345 497 2410; x_wconf 81' lang='grc' dir='ltr'><strong><em>καὶ</em></strong></span> <span class='ocrx_word' id='word_1_189' title='bbox 522 2344 539 2411; x_wconf 95' lang='lat'><em>6</em></span> <span class='ocrx_word' id='word_1_190' title='bbox 561 2352 588 2410; x_wconf 90' lang='grc' dir='ltr'><strong><em>Β</em></strong></span> <span class='ocrx_word' id='word_1_191' title='bbox 614 2342 678 2430; x_wconf 80' lang='grc' dir='ltr'><strong><em>ἄρα</em></strong></span> <span class='ocrx_word' id='word_1_192' title='bbox 702 2344 806 2430; x_wconf 87' lang='grc' dir='ltr'><strong><em>κύβος</em></strong></span> <span class='ocrx_word' id='word_1_193' title='bbox 830 2347 927 2411; x_wconf 82' lang='grc' dir='ltr'><strong><em>ἐστίν.</em></strong></span> <span class='ocrx_word' id='word_1_194' title='bbox 960 2345 1018 2410; x_wconf 86' lang='grc' dir='ltr'><strong><em>καὶ</em></strong></span> <span class='ocrx_word' id='word_1_195' title='bbox 1043 2347 1116 2413; x_wconf 79' lang='grc' dir='ltr'><strong><em>ἐπεὶ</em></strong></span> <span class='ocrx_word' id='word_1_196' title='bbox 1135 2347 1198 2413; x_wconf 78' lang='grc' dir='ltr'><strong><em>τέσ-</em></strong></span> 
     </span>
     <span class='ocr_line' id='line_1_22' title="bbox 182 2445 1198 2536; baseline 0.001 -20"><span class='ocrx_word' id='word_1_197' title='bbox 182 2472 280 2535; x_wconf 88' lang='grc' dir='ltr'><strong><em>σαρες</em></strong></span> <span class='ocrx_word' id='word_1_198' title='bbox 308 2445 448 2534; x_wconf 78' lang='grc' dir='ltr'><strong><em>ἀριθμοὶ</em></strong></span> <span class='ocrx_word' id='word_1_199' title='bbox 478 2452 512 2515; x_wconf 79' lang='grc' dir='ltr'><strong><em>ολ</em></strong></span> <span class='ocrx_word' id='word_1_200' title='bbox 538 2459 583 2534; x_wconf 84' lang='grc' dir='ltr'><strong><em>Α,</em></strong></span> <span class='ocrx_word' id='word_1_201' title='bbox 608 2457 651 2535; x_wconf 87' lang='grc' dir='ltr'><strong><em>Β,</em></strong></span> <span class='ocrx_word' id='word_1_202' title='bbox 676 2456 713 2534; x_wconf 91' lang='grc' dir='ltr'><strong><em>Γ,</em></strong></span> <span class='ocrx_word' id='word_1_203' title='bbox 738 2459 771 2517; x_wconf 83' lang='grc' dir='ltr'><em>Δ</em></span> <span class='ocrx_word' id='word_1_204' title='bbox 802 2451 876 2535; x_wconf 80' lang='grc' dir='ltr'><strong><em>ἑξῆς</em></strong></span> <span class='ocrx_word' id='word_1_205' title='bbox 904 2447 1077 2536; x_wconf 79' lang='grc' dir='ltr'><strong><em>ἀνάλογόν</em></strong></span> <span class='ocrx_word' id='word_1_206' title='bbox 1109 2457 1198 2533; x_wconf 75' lang='grc' dir='ltr'><strong><em>εἰσιν,</em></strong></span> 
     </span>
     <span class='ocr_line' id='line_1_23' title="bbox 181 2555 1197 2644; baseline -0.002 -20"><span class='ocrx_word' id='word_1_207' title='bbox 181 2562 239 2624; x_wconf 84' lang='grc' dir='ltr'><strong><em>καί</em></strong></span> <span class='ocrx_word' id='word_1_208' title='bbox 256 2558 346 2623; x_wconf 80' lang='grc' dir='ltr'><strong><em>ἐστιν</em></strong></span> <span class='ocrx_word' id='word_1_209' title='bbox 366 2555 383 2621; x_wconf 95' lang='lat'><em>6</em></span> <span class='ocrx_word' id='word_1_210' title='bbox 410 2564 442 2621; x_wconf 93' lang='lat' dir='ltr'><em>A</em></span> <span class='ocrx_word' id='word_1_211' title='bbox 464 2555 578 2642; x_wconf 85' lang='grc' dir='ltr'><strong><em>κύβος,</em></strong></span> <span class='ocrx_word' id='word_1_212' title='bbox 601 2556 656 2622; x_wconf 79' lang='grc' dir='ltr'><strong><em>καὶ</em></strong></span> <span class='ocrx_word' id='word_1_213' title='bbox 681 2557 698 2623; x_wconf 92' lang='lat'><em>6</em></span> <span class='ocrx_word' id='word_1_214' title='bbox 725 2566 757 2623; x_wconf 89' lang='grc' dir='ltr'><em>Δ</em></span> <span class='ocrx_word' id='word_1_215' title='bbox 782 2555 847 2644; x_wconf 79' lang='grc' dir='ltr'><strong><em>ἄρα</em></strong></span> <span class='ocrx_word' id='word_1_216' title='bbox 870 2556 973 2641; x_wconf 87' lang='grc' dir='ltr'><strong><em>κύβος</em></strong></span> <span class='ocrx_word' id='word_1_217' title='bbox 997 2558 1102 2624; x_wconf 84' lang='grc' dir='ltr'><strong><em>ἐστίν.</em></strong></span> <span class='ocrx_word' id='word_1_218' title='bbox 1149 2561 1197 2624; x_wconf 87' lang='grc' dir='ltr'><strong><em>δια</em></strong></span> 
     </span>
     <span class='ocr_line' id='line_1_24' title="bbox 180 2660 1196 2747; baseline 0 -19"><span class='ocrx_word' id='word_1_219' title='bbox 180 2660 221 2728; x_wconf 81' lang='grc' dir='ltr'><strong><em>τὰ</em></strong></span> <span class='ocrx_word' id='word_1_220' title='bbox 244 2660 327 2728; x_wconf 84' lang='grc' dir='ltr'><strong><em>αὐτὰ</em></strong></span> <span class='ocrx_word' id='word_1_221' title='bbox 352 2665 393 2747; x_wconf 82' lang='grc' dir='ltr'><strong><em>δὴ</em></strong></span> <span class='ocrx_word' id='word_1_222' title='bbox 419 2661 474 2728; x_wconf 82' lang='grc' dir='ltr'><strong><em>καὶ</em></strong></span> <span class='ocrx_word' id='word_1_223' title='bbox 498 2661 515 2728; x_wconf 94' lang='lat'><em>6</em></span> <span class='ocrx_word' id='word_1_224' title='bbox 541 2669 572 2728; x_wconf 84' lang='lat' dir='ltr'><em>E</em></span> <span class='ocrx_word' id='word_1_225' title='bbox 593 2661 694 2747; x_wconf 85' lang='grc' dir='ltr'><strong><em>κύβος</em></strong></span> <span class='ocrx_word' id='word_1_226' title='bbox 719 2666 819 2747; x_wconf 77' lang='grc' dir='ltr'><strong><em>ἐστίν,</em></strong></span> <span class='ocrx_word' id='word_1_227' title='bbox 845 2662 900 2728; x_wconf 81' lang='grc' dir='ltr'><strong><em>καὶ</em></strong></span> <span class='ocrx_word' id='word_1_228' title='bbox 924 2661 1051 2747; x_wconf 83' lang='grc' dir='ltr'><strong><em>ὁμοίως</em></strong></span> <span class='ocrx_word' id='word_1_229' title='bbox 1076 2667 1113 2730; x_wconf 79' lang='grc' dir='ltr'><strong><em>οἱ</em></strong></span> <span class='ocrx_word' id='word_1_230' title='bbox 1134 2671 1196 2730; x_wconf 94' lang='grc' dir='ltr'><strong><em>λοι-</em></strong></span> 
     </span>
     <span class='ocr_line' id='line_1_25' title="bbox 181 2766 971 2854; baseline 0 -20"><span class='ocrx_word' id='word_1_231' title='bbox 181 2767 238 2834; x_wconf 81' lang='grc' dir='ltr'><strong><em>ποὶ</em></strong></span> <span class='ocrx_word' id='word_1_232' title='bbox 262 2766 383 2845; x_wconf 87' lang='grc' dir='ltr'><strong><em>πάντες</em></strong></span> <span class='ocrx_word' id='word_1_233' title='bbox 405 2766 504 2853; x_wconf 90' lang='grc' dir='ltr'><strong><em>κύβοι</em></strong></span> <span class='ocrx_word' id='word_1_234' title='bbox 528 2771 627 2833; x_wconf 79' lang='grc' dir='ltr'><strong><em>εἰσίν·</em></strong></span> <span class='ocrx_word' id='word_1_235' title='bbox 662 2768 742 2854; x_wconf 84' lang='grc' dir='ltr'><strong><em>ὅπερ</em></strong></span> <span class='ocrx_word' id='word_1_236' title='bbox 768 2773 834 2835; x_wconf 81' lang='grc' dir='ltr'><strong><em>ἔδει</em></strong></span> <span class='ocrx_word' id='word_1_237' title='bbox 860 2771 971 2847; x_wconf 78' lang='grc' dir='ltr'><strong><em>δεῖξαι.</em></strong></span> 
     </span>
    </p>
   </div>
   <div class='ocr_carea' id='block_1_3' title="bbox 130 2988 1197 3174">
    <p class='ocr_par' dir='ltr' id='par_1_6' title="bbox 130 2988 1197 3174">
     <span class='ocr_line' id='line_1_26' title="bbox 130 2988 708 3036; baseline 0.014 0"><span class='ocrx_word' id='word_1_238' title='bbox 130 2988 164 3036; x_wconf 79' lang='lat'><strong><em>25</em></strong></span> <span class='ocrx_word' id='word_1_239' title='bbox 674 2991 708 3030; x_wconf 74' lang='grc' dir='ltr'><strong><em>ι·</em></strong></span> 
     </span>
     <span class='ocr_line' id='line_1_27' title="bbox 245 3081 1197 3174; baseline 0.006 -24"><span class='ocrx_word' id='word_1_240' title='bbox 245 3082 331 3152; x_wconf 85' lang='grc' dir='ltr'><strong><em>Ἐάν</em></strong></span> <span class='ocrx_word' id='word_1_241' title='bbox 351 3082 424 3151; x_wconf 87' lang='grc' dir='ltr'><strong><em>άπὸ</em></strong></span> <span class='ocrx_word' id='word_1_242' title='bbox 445 3088 620 3172; x_wconf 91' lang='grc' dir='ltr'><strong><em>μονάδος</em></strong></span> <span class='ocrx_word' id='word_1_243' title='bbox 645 3086 863 3154; x_wconf 84' lang='grc' dir='ltr'><strong><em>ὁποσοιοῦν</em></strong></span> <span class='ocrx_word' id='word_1_244' title='bbox 884 3081 1055 3172; x_wconf 79' lang='grc' dir='ltr'><strong><em>άριδμοὶ</em></strong></span> <span class='ocrx_word' id='word_1_245' title='bbox 1082 3088 1197 3174; x_wconf 77' lang='grc' dir='ltr'><strong><em>[ἑξῆς]</em></strong></span> 
     </span>
    </p>
   </div>
   <div class='ocr_carea' id='block_1_4' title="bbox 182 3235 394 3242">
    <p class='ocr_par' dir='ltr' id='par_1_7' title="bbox 182 3235 394 3242">
     <span class='ocr_line' id='line_1_28' title="bbox 182 3235 394 3242; baseline 0.005 -1"><span class='ocrx_word' id='word_1_246' title='bbox 182 3237 228 3241; x_wconf 77' lang='lat'><strong><em>—.</em></strong></span> <span class='ocrx_word' id='word_1_247' title='bbox 262 3237 295 3242; x_wconf 83' lang='grc'><strong><em>--</em></strong></span> <span class='ocrx_word' id='word_1_248' title='bbox 302 3235 394 3242; x_wconf 70' lang='lat'>——-‹</span> 
     </span>
    </p>
   </div>
   <div class='ocr_carea' id='block_1_5' title="bbox 184 3295 1202 3580">
    <p class='ocr_par' dir='ltr' id='par_1_8' title="bbox 184 3295 1202 3580">
     <span class='ocr_line' id='line_1_29' title="bbox 254 3295 1199 3386; baseline 0.006 -38"><span class='ocrx_word' id='word_1_249' title='bbox 254 3305 277 3349; x_wconf 86' lang='lat'><strong><em>1.</em></strong></span> <span class='ocrx_word' id='word_1_250' title='bbox 298 3295 349 3386; x_wconf 56' lang='grc' dir='ltr'><strong><em>δή]</em></strong></span> <span class='ocrx_word' id='word_1_251' title='bbox 370 3314 423 3353; x_wconf 89' lang='lat' dir='ltr'><strong><em>om.</em></strong></span> <span class='ocrx_word' id='word_1_252' title='bbox 445 3299 473 3351; x_wconf 88' lang='lat' dir='ltr'><strong><em>P.</em></strong></span> <span class='ocrx_word' id='word_1_253' title='bbox 529 3305 553 3351; x_wconf 84' lang='lat'><strong><em>2.</em></strong></span> <span class='ocrx_word' id='word_1_254' title='bbox 574 3296 657 3368; x_wconf 84' lang='grc' dir='ltr'><strong><em>εἰσιν]</em></strong></span> <span class='ocrx_word' id='word_1_255' title='bbox 679 3298 750 3367; x_wconf 73' lang='lat' dir='ltr'>(alt.)</span> <span class='ocrx_word' id='word_1_256' title='bbox 772 3296 824 3351; x_wconf 83' lang='grc' dir='ltr'><strong><em>εἰσι</em></strong></span> <span class='ocrx_word' id='word_1_257' title='bbox 843 3298 904 3364; x_wconf 63' lang='lat' dir='ltr'><strong><em>Vm.</em></strong></span> <span class='ocrx_word' id='word_1_258' title='bbox 966 3303 991 3350; x_wconf 89' lang='lat'><strong><em>3.</em></strong></span> <span class='ocrx_word' id='word_1_259' title='bbox 1011 3295 1199 3368; x_wconf 75' lang='grc' dir='ltr'><strong><em>τετράγωνος·</em></strong></span> 
     </span>
     <span class='ocr_line' id='line_1_30' title="bbox 184 3364 1202 3490; baseline 0.002 -69"><span class='ocrx_word' id='word_1_260' title='bbox 184 3364 266 3421; x_wconf 81' lang='grc' dir='ltr'><strong><em>καὶὸ</em></strong></span> <span class='ocrx_word' id='word_1_261' title='bbox 289 3370 404 3439; x_wconf 89' lang='grc' dir='ltr'><strong><em>Γαρα]</em></strong></span> <span class='ocrx_word' id='word_1_262' title='bbox 424 3386 481 3437; x_wconf 84' lang='lat' dir='ltr'><strong><em>mg.</em></strong></span> <span class='ocrx_word' id='word_1_263' title='bbox 501 3388 530 3435; x_wconf 86' lang='grc' dir='ltr'><strong><em>φ.</em></strong></span> <span class='ocrx_word' id='word_1_264' title='bbox 586 3365 656 3439; x_wconf 88' lang='grc' dir='ltr'><strong><em>άρα]</em></strong></span> <span class='ocrx_word' id='word_1_265' title='bbox 677 3386 729 3422; x_wconf 91' lang='lat' dir='ltr'><strong><em>om.</em></strong></span> <span class='ocrx_word' id='word_1_266' title='bbox 747 3370 775 3423; x_wconf 90' lang='lat' dir='ltr'><strong><em>P.</em></strong></span> <span class='ocrx_word' id='word_1_267' title='bbox 832 3374 856 3421; x_wconf 82' lang='lat'><strong><em>4.</em></strong></span> <span class='ocrx_word' id='word_1_268' title='bbox 878 3364 969 3490; x_wconf 66' lang='lat' dir='ltr'><strong><em>66le</em></strong></span> <span class='ocrx_word' id='word_1_269' title='bbox 990 3367 1012 3420; x_wconf 90' lang='grc' dir='ltr'>Ρ</span> <span class='ocrx_word' id='word_1_270' title='bbox 1032 3369 1102 3423; x_wconf 75' lang='lat' dir='ltr'><strong><em>etv</em></strong></span> <span class='ocrx_word' id='word_1_271' title='bbox 1123 3371 1202 3426; x_wconf 80' lang='lat' dir='ltr'><strong><em>sedv</em></strong></span> 
     </span>
     <span class='ocr_line' id='line_1_31' title="bbox 184 3436 1202 3509; baseline 0.001 -18"><span class='ocrx_word' id='word_1_272' title='bbox 184 3436 390 3507; x_wconf 66' lang='lat' dir='ltr'><strong><em>dele636cmtp.</em></strong></span> <span class='ocrx_word' id='word_1_273' title='bbox 447 3439 513 3508; x_wconf 85' lang='grc' dir='ltr'><strong><em>καί]</em></strong></span> <span class='ocrx_word' id='word_1_274' title='bbox 525 3455 578 3492; x_wconf 89' lang='lat' dir='ltr'><strong><em>om.</em></strong></span> <span class='ocrx_word' id='word_1_275' title='bbox 590 3439 619 3493; x_wconf 91' lang='lat' dir='ltr'><strong><em>P.</em></strong></span> <span class='ocrx_word' id='word_1_276' title='bbox 676 3446 699 3493; x_wconf 76' lang='lat'><strong><em>5.</em></strong></span> <span class='ocrx_word' id='word_1_277' title='bbox 712 3438 796 3509; x_wconf 82' lang='grc' dir='ltr'><strong><em>εἰσιν]</em></strong></span> <span class='ocrx_word' id='word_1_278' title='bbox 810 3439 930 3493; x_wconf 74' lang='grc' dir='ltr'><strong><em>-νάελελι,</em></strong></span> <span class='ocrx_word' id='word_1_279' title='bbox 969 3480 974 3492; x_wconf 94' lang='grc'><strong><em>.</em></strong></span> <span class='ocrx_word' id='word_1_280' title='bbox 1033 3440 1158 3508; x_wconf 59' lang='lat' dir='ltr'><strong><em>[Heras.</em></strong></span> <span class='ocrx_word' id='word_1_281' title='bbox 1172 3442 1202 3494; x_wconf 88' lang='lat' dir='ltr'><strong><em>V.</em></strong></span> 
     </span>
     <span class='ocr_line' id='line_1_32' title="bbox 184 3504 1202 3580; baseline 0.003 -19"><span class='ocrx_word' id='word_1_282' title='bbox 184 3504 255 3579; x_wconf 79' lang='grc' dir='ltr'><strong><em>ἄρα]</em></strong></span> <span class='ocrx_word' id='word_1_283' title='bbox 276 3526 330 3563; x_wconf 89' lang='lat' dir='ltr'><strong><em>om.</em></strong></span> <span class='ocrx_word' id='word_1_284' title='bbox 349 3510 379 3563; x_wconf 92' lang='lat' dir='ltr'><strong><em>P.</em></strong></span> <span class='ocrx_word' id='word_1_285' title='bbox 454 3515 493 3562; x_wconf 84' lang='lat'><strong><em>12.</em></strong></span> <span class='ocrx_word' id='word_1_286' title='bbox 514 3506 567 3579; x_wconf 84' lang='grc' dir='ltr'><strong><em>δὴ]</em></strong></span> <span class='ocrx_word' id='word_1_287' title='bbox 588 3527 640 3564; x_wconf 88' lang='lat' dir='ltr'><strong><em>om.</em></strong></span> <span class='ocrx_word' id='word_1_288' title='bbox 661 3509 689 3565; x_wconf 89' lang='lat' dir='ltr'><strong><em>P.</em></strong></span> <span class='ocrx_word' id='word_1_289' title='bbox 758 3510 1097 3580; x_wconf 67' lang='grc' dir='ltr'><strong><em>15.Β]Βμετρει”λ7φ.</em></strong></span> <span class='ocrx_word' id='word_1_290' title='bbox 1163 3508 1202 3580; x_wconf 80' lang='grc' dir='ltr'><strong><em>ἐν]</em></strong></span> 
     </span>
    </p>
   </div>
   <div class='ocr_carea' id='block_1_6' title="bbox 0 0 1262 4012">
    <p class='ocr_par' dir='ltr' id='par_1_9' title="bbox 0 0 1262 4012">
     <span class='ocr_line' id='line_1_33' title="bbox 0 0 1262 4012; baseline 0 0"><span class='ocrx_word' id='word_1_291' title='bbox 0 0 1262 4012; x_wconf 95' lang='lat' dir='ltr'><strong><em> </em></strong></span> 
     </span>
    </p>
   </div>
  </div>
 </body>
</html>
