2514 4012
146 188 213 253 350
325 166 329 173 '
523 186 725 240 mmmm
742 180 786 240 ε’.

146 332 237 399 ἐστιν
260 325 306 408 ὡς
329 325 347 397 ὁ
370 335 399 396 Β
423 326 506 416 πρὸς
528 331 589 396 τὸν
607 332 646 414 Γ,
670 323 689 395 ὁ
708 336 741 395 A
763 325 848 416 πρὸς
873 327 942 398 τὸν
964 337 1009 398 B.
1043 332 1101 399 καὶ
1116 334 1174 399 τάν

145 443 193 519 A,
220 441 249 502 Β
280 432 346 521 άρα
377 433 440 502 δύο
470 434 566 520 μέσοι
596 430 766 520 ἀνάλογόν
795 437 888 502 είσιν
919 432 1086 524 άριθμοί.
1127 441 1175 505 καί

146 543 215 609 ἐστι
237 539 341 626 κύβος
364 538 383 608 ὁ
402 547 443 608 Β·
474 539 578 625 κύβος
600 537 668 627 άρα
692 539 760 608 ἐστὶ
782 539 839 607 καὶ
865 537 885 608 ὁ
905 547 943 607 A
950 563 960 578 ·
1008 540 1094 633 ὅπερ
1116 547 1170 610 ἔδει

147 649 261 728 δείξαι.
629 702 633 717 ι

111 799 127 847 ε
633 768 671 850 ζ’·

210 909 297 978 Ἐάν
326 910 524 990 σύνθετος
552 908 726 999 άριθμὸς
753 908 934 1000 άριθμόν
967 936 1066 983 τινα
1087 920 1164 981 πολ-

146 1016 417 1096 λαπλασιάσας
444 1022 541 1106 ποιῇ
569 1042 674 1104 τινα,
708 1015 726 1085 ὁ
755 1015 982 1104 γενόμενος
1018 1017 1165 1108 στερεὸς

146 1127 265 1190 ἔσται

212 1227 387 1308 Σύνθετος
414 1227 479 1315 γάρ
508 1227 656 1316 ἀριθμὸς
680 1227 698 1297 ὁ
723 1240 755 1297 A
777 1229 929 1318 άριθμύν
955 1257 1039 1300 τινα
1061 1228 1163 1300 τδνΒ

94 1346 126 1395 10
145 1335 436 1415 πολλαπλασιάσας
464 1334 525 1404 τὸν
548 1342 581 1403 Γ
603 1341 753 1404 ποιείτω·
790 1339 893 1422 λέγω,
922 1337 979 1406 ὅτι
1006 1335 1026 1406 ὁ
1051 1346 1085 1406 Γ
1103 1356 1162 1405 στε-
1202 1354 1205 1363 ’

146 1442 222 1528 ρεός
245 1444 344 1510 ἐστιν.

209 1544 297 1615 Ἐπεὶ
325 1552 390 1634 γὰρ
419 1545 437 1616 ὅ
461 1557 493 1616 A
522 1548 687 1628 σύνθετός
716 1552 822 1634 ἐστιν,
850 1546 917 1616 ὑπὸ
941 1545 1102 1636 άροθμού
1123 1574 1162 1615 τι-

144 1680 203 1733 νος
226 1653 478 1743 μετρηθήσεται.
515 1660 701 1742 μετρείσθω
724 1653 790 1724 ὑπὸ
814 1659 874 1723 τού
900 1662 944 1740 Δ,
970 1655 1030 1723 καὶ
1055 1653 1163 1733 ὁσάκις

145 1757 163 1826 ὁ
189 1768 222 1826 Δ
244 1759 303 1827 τὸν
326 1770 359 1827 Α
381 1773 507 1850 μετρεῖ,
529 1765 690 1830 τοσαῦται
713 1760 858 1849 μονάδες
880 1765 1039 1829 ἔστωσαν
1065 1763 1102 1829 ἐν
1123 1763 1162 1851 τῷ

93 1886 125 1934 15
144 1873 181 1932 E.
219 1866 289 1934 ἐπεὶ
317 1856 381 1934 οὖν
408 1863 427 1934 ὁ
456 1874 490 1934 Δ
516 1866 577 1935 τὸν
600 1877 633 1935 A
661 1881 774 1956 μετρεῖ
797 1863 879 1934 κατὰ
910 1863 972 1946 τάς
1003 1869 1041 1936 ἐν
1069 1869 1165 1961 τῷΕ

144 1972 304 2059 μονάδας,
328 1969 346 2038 ὁ
371 1979 403 2038 Ε
423 1971 489 2061 άρα
512 1971 572 2043 τὸν
595 1980 629 2040 Δ
652 1971 945 2052 πολλαπλασιάσας
967 1971 1035 2042 τὸν
1058 1982 1093 2041 A
1114 1995 1162 2040 πε-

144 2083 290 2164 ποίηκεν.
336 2079 392 2145 καὶ
417 2079 486 2147 ἐπεὶ
510 2076 580 2147 ὁΑ
602 2078 711 2147 τὸνΒ
734 2076 1036 2158 πολλαπλασιάσας
1058 2079 1165 2147 τδνΓ

144 2190 332 2270 πεποίηκεν,
352 2181 370 2251 ὁ
390 2185 427 2251 δὲ
446 2194 478 2252 A
498 2188 587 2253 ἐστιν
608 2183 625 2253 ὁ
646 2188 768 2253 ἐκτῶν
789 2194 833 2269 Δ,
854 2191 894 2269 Ε,
920 2179 938 2250 ὁ
957 2182 1029 2271 άρα
1049 2189 1162 2253 ἐκτῶν

145 2297 188 2375 Δ,
211 2297 243 2355 Ε
263 2289 324 2357 τδν
348 2297 376 2355 Β
399 2290 692 2370 πολλαπλασιάσας
715 2289 774 2359 τὸν
797 2297 829 2358 Γ
852 2294 1048 2374 πεποίηκεν.
1098 2289 1116 2358 ὁ
1138 2295 1165 2357 Γ

91 2416 125 2464 20
144 2393 210 2482 άρα
229 2395 360 2483 στερεός
380 2399 481 2482 ἐστιν,
504 2399 644 2486 πλευραὶ
664 2397 701 2464 δὲ
721 2392 825 2464 αὐτοῦ
845 2400 931 2463 εἰσιν
952 2399 989 2462 οί
1007 2405 1052 2484 Δ,
1070 2405 1111 2484 Ε,
1124 2403 1161 2462 Β·

145 2501 225 2588 ὅπερ
251 2505 317 2567 ἔδει
342 2503 455 2581 δεῖξαι.

629 2671 674 2729 η.

207 2782 294 2851 Ἐὰν
323 2783 397 2851 άπὸ
425 2784 601 2870 μονάδος
629 2783 849 2853 ὁποσοιοῦν
878 2782 1053 2870 άριθμοὶ
1078 2787 1168 2871 ἑξῆς·

144 2887 344 2975 ἀνάλογον
369 2882 482 2974 ὦσιν,
507 2890 524 2956 ὁ
549 2890 619 2977 μὲν
643 2897 776 2978 τρίτος
798 2887 874 2957 άπό
898 2894 966 2975 τῆς
985 2892 1160 2976 μονάδος

89 3008 124 3056 25
143 2994 390 3082 τετράγωνος
423 3001 532 3063 ἔσται
559 2997 624 3062 καὶ
654 3000 694 3064 οί
720 2998 789 3063 ἕνα
817 3000 1114 3082 διαλείποντες,
1143 2994 1158 3063 ὁ

143 3099 184 3166 δὲ
221 3105 404 3189 τέταρτος
440 3102 562 3188 κύβος
597 3103 663 3168 καὶ
700 3106 741 3169 οί
775 3103 846 3170 δύο
881 3105 1159 3181 διαλείποντες

143 3242 357 3257 ’Ἁ-

214 3299 346 3366 1.·ούτως
365 3301 380 3358 ὁ
400 3310 422 3358 A
441 3304 530 3372 Bth.
600 3311 624 3358 3.
647 3301 721 3358 ἐστιν
740 3305 770 3358 P.
840 3302 939 3377 κύβος]
958 3305 1033 3373 (alt.)
1054 3322 1110 3360 om.
1130 3325 1157 3374 φ.

141 3370 217 3428 ἐστίν
236 3376 267 3430 Ρ.
332 3381 373 3430 15.
395 3372 457 3430 ἐπεὶ
476 3381 640 3429 οον-Ιὸι
669 3373 809 3447 μονάδας]
834 3394 887 3431 om.
908 3375 969 3444 Vq).
1046 3383 1089 3431 16.
1114 3395 1158 3430 πε-

140 3448 240 3515 ποίηκε
264 3445 325 3513 λίψ.
401 3453 441 3501 18.
466 3441 495 3517 ὁ]
517 3447 588 3514 (alt.)
607 3463 660 3501 om.
680 3447 769 3515 Bth.
846 3453 886 3501 19.
911 3447 978 3500 Post
1001 3449 1158 3516 πεποίηκεν

141 3517 203 3569 add.
224 3536 255 3585 φ,
275 3515 328 3569 VB
347 3535 402 3586 mg.
421 3523 502 3571 m.2:
523 3520 571 3571 καὶ
586 3519 651 3585 (om.
666 3518 699 3585 B)
719 3513 734 3570 ὁ
754 3522 775 3570 Β
796 3513 852 3586 άρα
873 3515 925 3586 (ἔτι
940 3518 973 3586 φ)
988 3514 1040 3571 τὸν
1057 3514 1089 3572 ἐκ
1105 3519 1159 3572 τῶν
