2514 4012
175 172 242 236 402
554 177 756 230 ΣΤΟΙΧΕΙΩΝ
774 172 817 232 θ’.

176 318 348 402 δηιιοτοῦν
371 314 513 404 ἀριθμοὶ
538 320 573 386 οί
594 325 639 403 Β,
658 323 697 404 Γ,
716 326 762 385 Δ·
786 319 888 407 λέγω,
915 319 978 390 ὅτι
1006 328 1048 392 οί
1069 334 1115 413 Β,
1133 333 1215 414 Γ,Δ

175 420 327 508 ἀρτιάκις
349 422 464 512 άρτιοί
483 429 548 492 είσι
571 423 689 511 μόνον.

234 531 304 598 Ὅτι
327 531 388 616 μὲν
412 525 477 601 οὖν
501 533 637 612 ἕκαστος
662 535 743 616 [τῶν
766 540 809 619 Β,
827 539 873 619 Γ,
895 542 949 621 Δ]
978 536 1147 627 ἀρτιάκις
1167 539 1212 628 ἀρ

175 638 245 718 τιός
264 644 366 724 ἐστιν,
389 637 553 725 φανερόν·
577 636 642 706 ἀνιὸ
662 636 727 725 γάρ
751 640 879 720 δυάδος
902 644 985 710 ἐστὶ
1013 649 1209 715 διπλασιασ·

141 751 257 825 σθείς.
307 746 409 830 λέγω,
446 741 497 810 ὅτι
535 745 590 811 καί
630 744 747 831 μόνον.
793 746 966 814 ἐκκείσθω
999 748 1075 840 γάρ
1108 754 1215 841 μονάς..

176 853 246 921 ἐπεὶ
274 843 337 919 οὖν
366 848 430 919 ἀπὸ
461 851 609 936 μονάδος
639 847 824 919 ὁποσοιοῦν
847 850 1003 941 ἀριθμοὶ
1032 858 1120 945 ἑξῆς
1142 857 1208 927 ἀνά·

175 958 280 1045 λογόν
313 962 415 1043 είσιν,
448 956 466 1025 5
499 957 536 1025 δὲ
568 955 649 1044 μετὰ
681 956 744 1044 τὴν
776 958 909 1044 μονάδα
947 958 968 1028 5
1007 973 1046 1031 A
1087 966 1209 1055 πρῶτός

176 1068 282 1151 ἐστιν,
306 1062 324 1132 5
348 1066 501 1152 μέγιστος
522 1066 590 1131 τῶν
614 1072 660 1148 Α,
679 1070 724 1149 Β,
743 1071 786 1149 Γ,
806 1072 839 1131 Δ
862 1062 881 1133 5
905 1073 945 1132 A
969 1065 1038 1136 ὑπ’
1075 1071 1208 1151 οὐδενὸς

175 1171 281 1240 ἀλλον
312 1171 558 1260 μετρηθήσεται
585 1170 687 1257 παρὲξ
713 1175 782 1239 τῶν
805 1181 852 1257 A3
870 1179 917 1258 Β,
938 1180 977 1242 Γ.
1033 1184 1103 1247 καί
1128 1183 1208 1249 ἐστιν

124 1298 157 1345 10
179 1280 313 1358 ἕκαστος
335 1282 404 1346 τῶν
427 1287 474 1363 Α,
493 1284 538 1361 Β,
557 1282 589 1344 Γ
607 1276 733 1364 ἀρτιος·
762 1305 779 1346 ο
803 1286 836 1345 Δ

175 1384 246 1463 τιός
269 1387 337 1453 ἐστι
360 1382 477 1472 μόνον.
524 1381 647 1471 ὁμοίως
670 1383 712 1471 δὴ
738 1386 904 1470 δείξομεν,
937 1383 995 1455 ὅτι
1026 1393 1119 1477 [καὶ]
1145 1391 1208 1461 ἑκά-

174 1516 270 1576 τερος
300 1494 370 1558 τῶν
398 1497 442 1576 Β,
467 1496 499 1558 Γ
527 1488 679 1577 ἀρτιάκις
707 1487 822 1576 ἀρτιός
853 1491 922 1558 ἐστι
955 1495 1098 1578 μόνον·
1137 1497 1209 1584 ὅπερ

176 1601 243 1666 ἔδει
267 1598 381 1677 δεῖξαι.
700 1685 709 1709 Ι

655 1693 719 1752 λ.

124 1793 155 1841 15
240 1770 328 1842 Ἐάν
353 1771 524 1861 ἀριθμὸς
541 1772 612 1840 τὸν
636 1713 783 1860 ἥρίισυν
807 1777 872 1862 ἔχη
891 1781 1124 1868 περισσόν,
1149 1779 1208 1870 ἀρ-

174 1879 303 1960 τιάκις
325 1881 515 1967 περισσός
538 1883 621 1949 ἐστι
644 1880 780 1967 μόνον.

240 1983 399 2074 Ἀριθμδς
429 1986 495 2075 γὰρ
523 1985 541 2054 5
574 1996 606 2054 A
633 1986 694 2056 τὸν
726 1984 851 2074 ἥμισυν
886 1987 993 2074 ἐχέτω
1028 1995 1207 2083 περισσόν·

175 2095 277 2179 λέγω,
302 2093 353 2161 ὅτι
377 2091 394 2161 5
419 2103 451 2161 A
475 2091 624 2181 ἀρτιάκις
641 2091 799 2181 περισσός
823 2095 890 2160 ἐστι
913 2093 1040 2179 μόνον.

234 2201 306 2267 ’Ότι
338 2200 399 2286 μὲν
431 2193 495 2267 οὗν
526 2198 676 2284 ἀρτιάκις
703 2198 858 2284 περισσός
886 2201 997 2286 ἐστιν,
1032 2208 1204 2296 φανερόν·

122 2303 194 2373 205
224 2305 289 2392 γάρ
317 2304 438 2392 ἥμισυς
466 2303 571 2373 αὐτοῦ
600 2302 756 2393 περισσὸς
783 2301 831 2372 δν
863 2319 979 2392 μετρεῖ
1007 2311 1126 2382 αὐτὸν
1154 2314 1203 2402 ἀρ-

178 2413 291 2489 τιάκις.
338 2411 423 2495 λέγω
453 2410 511 2497 δή,
540 2410 591 2478 ὅτι
613 2413 668 2478 καὶ
699 2410 815 2497 μόνον.
861 2415 891 2477 εί
912 2410 980 2499 νάρ
1006 2421 1112 2488 ἔσται
1137 2419 1203 2489 ὁΑ

177 2517 232 2583 καὶ
260 2514 411 2604 ἀρτιάκις
439 2514 566 2603 ἀρτιος,
599 2516 842 2604 μετρηθήσεται
869 2514 935 2583 ὑπὸ
965 2516 1098 2604 ἀρτίου
1126 2523 1202 2593 κατὰ

175 2622 292 2709 ἀρτιον
307 2621 469 2709 ἀριθμόν·
492 2621 644 2690 ὥστεκαὶ
659 2621 676 2690 5
692 2623 813 2709 ἥμισυς
828 2621 932 2690 αὐτοῦ
945 2631 1202 2716 μετρηθήσεται

176 2729 241 2799 ὑπὸ
265 2727 383 2818 ἀρτίου
402 2727 553 2816 ἀριθμοῦ
577 2728 732 2814 περισσὸς
751 2728 811 2797 ἀν·
837 2729 917 2815 ὅπερ
937 2731 1034 2796 ἐστὶν
1064 2734 1201 2807 ἀτοπον.

122 2854 155 2901 ‘25
177 2835 194 2904 5
210 2846 242 2904 A
255 2836 321 2925 ἀρα
336 2835 486 2925 ἀρτιάκις
499 2835 656 2923 περισσός
671 2838 740 2903 ἐστι
755 2835 875 2922 μόνον·
895 2833 976 2924 ὅπερ
992 2841 1068 2906 ἔδει
1087 2847 1201 2926 δεῖξαι.

247 2986 269 3032 1.
290 2980 329 3049 B]
350 2979 414 3043 (bis)
434 2982 510 3044 AB
529 2979 558 3032 F.
642 2984 666 3032 3.
687 2968 755 3047 οὖν]
776 2994 830 3031 om.
849 2976 880 3030 P.
962 2978 1022 3030 τῶν
1044 2986 1083 3049 Β,
1106 2990 1143 3055 Γ,
1163 2987 1200 3056 Δ]

174 3067 227 3103 om.
247 3049 277 3102 P.
350 3054 384 3115 A,
405 3053 426 3101 B
445 3050 475 3102 F.
548 3046 658 3115 άρτιον,
683 3068 728 3100 -ον
747 3064 817 3101 eras.
836 3048 869 3101 V.
942 3053 967 3102 4.
990 3047 1085 3124 ἐστιν]
1110 3073 1201 3127 comp.

173 3121 232 3188 Fq;
253 3118 311 3174 ἐστι
329 3119 389 3173 PV.
458 3116 515 3173 ἀπὸ
536 3117 607 3189 γάρ]
628 3115 698 3172 αὐτὸ
717 3123 743 3186 (ο
763 3122 842 3185 corr.)
861 3114 915 3186 γάρ
935 3114 991 3172 ἀπό
1012 3121 1047 3174 F.
1126 3125 1200 3196 ἐστί]

175 3189 249 3245 ἐστίν
275 3190 391 3252 ἕκαστος
413 3192 443 3247 F.
530 3198 555 3244 5.
574 3191 644 3258 λέγω
669 3186 704 3257 δή
723 3190 809 3258 BVq.
847 3186 935 3258 μονὰς
957 3187 975 3257 ἥ
1000 3193 1028 3244 Ε
1050 3195 1120 3265 Vq;
1142 3195 1201 3267 ἡΕ

173 3265 272 3331 postea
289 3263 385 3316 insert.
405 3263 436 3314 B.
510 3267 551 3317 11.
572 3262 637 3332 καί]
662 3278 715 3315 om.
735 3261 764 3314 P.
804 3258 919 3321 ἕκαστος
938 3260 968 3316 P.
1048 3271 1093 3318 15.
1116 3264 1202 3339 ἥμισυ

173 3334 204 3387 F.
274 3340 316 3387 16.
337 3329 412 3387 ἔστιν
430 3334 460 3386 P.
525 3339 565 3387 17.
586 3328 670 3402 ἥμισυ
690 3333 720 3386 F.
786 3338 827 3385 18.
848 3326 972 3384 ε’στινΡ.
1037 3341 1082 3390 19.
1108 3336 1201 3412 ἔστιν]

173 3405 207 3470 Ρ,
228 3422 316 3472 comp.
337 3406 370 3469 F;
391 3399 448 3458 ἔστι
467 3404 524 3471 Vq.
616 3410 657 3457 20.
677 3398 763 3471 ἥμισυ
782 3402 812 3457 F.
905 3396 991 3463 αὐτός
1010 3424 1040 3488 ,φ
1067 3410 1144 3475 (non
1164 3415 1202 3480 F).

173 3481 216 3528 22.
236 3477 299 3543 καί]
320 3492 372 3529 om.
392 3476 421 3528 F.
486 3473 554 3529 Post
571 3470 667 3542 ἀρτιος
687 3474 750 3528 add.
769 3472 807 3526 V:
828 3468 842 3525 5
861 3466 962 3542 ἥμισυς
981 3479 1075 3532 αυτοῦ
1103 3477 1202 3553 ἄρτιός

175 3540 233 3597 ἐστι
252 3548 314 3612 καί;
334 3547 409 3600 idem
430 3547 450 3598 Β
469 3563 504 3599 m.
525 3563 579 3601 ree.
653 3552 695 3599 23.
715 3539 800 3614 ἥμισυ
819 3545 848 3599 F.
