2514 4012
405 192 681 248 nnuunuroauu
699 197 808 248 amna
826 199 872 251 vn
1078 199 1141 263 161

502 338 661 405 similibus
691 343 724 404 et
747 340 894 405 similiter
915 343 1031 426 positis
1059 345 1141 430 figu-

501 468 556 511 rae
572 450 639 510 AB
649 445 867 511 deficientium
878 448 1055 514 maximum
1071 472 1141 516 esse

435 524 460 580 θ
495 557 569 618 ΑΔ.
615 552 795 636 adplicetur
822 553 908 618 enim
936 559 1041 620 rectae
1075 561 1141 621 AB

501 659 844 744 parallelogrammum
885 664 950 725 ΑΖ
989 660 1140 727 deficiens

160 740 194 799 Α
287 741 323 794 Γ
332 739 372 794 K
428 735 461 794 B
500 765 608 853 figura
626 766 933 851 parallelogramma
957 771 1018 832 ΖΒ
1042 768 1141 833 simili

122 873 154 935 et
178 871 328 937 similiter
345 873 453 958 posita
473 874 596 956 figurae
616 875 691 937 AB.
738 871 819 957 dico,
843 894 913 938 esse
932 880 964 938 A
970 879 1003 937 Δ
1016 882 1050 948 >
1066 881 1098 939 A
1104 878 1140 941 Z.

188 1000 267 1042 nam
295 980 448 1064 quoniam
477 983 543 1043 AB
557 1008 593 1032 ω
608 983 683 1061 ΖΒ,
711 979 831 1045 circum
859 978 994 1044 eandem
1018 979 1139 1046 diame-

123 1085 211 1148 trum
235 1087 312 1149 sunt
338 1085 448 1170 posita
473 1086 579 1169 [prop.
598 1083 731 1166 xxvss.
778 1084 913 1150 ducatur
936 1107 1048 1151 eorum
1072 1086 1139 1152 dia-

124 1193 247 1256 metrus
279 1196 358 1275 AB,
386 1195 419 1256 et
451 1191 657 1257 describatur
688 1190 802 1276 figura.
811 1189 836 1278 1)
886 1192 952 1256 iam
985 1194 1139 1277 quoniam

99 1374 101 1379 ,
122 1298 183 1360 ΓΖ
198 1328 240 1350 =
257 1301 321 1362 ΖΕ
339 1298 448 1382 [1,43]
470 1301 502 1361 et
523 1319 693 1363 commune
713 1301 762 1362 est
777 1301 848 1382 ZB,
862 1296 923 1361 erit
936 1299 998 1362 ΓΘ
1009 1328 1050 1351 =
1062 1300 1096 1363 K
1101 1304 1138 1365 E.

124 1403 180 1467 sed
200 1407 263 1469 ΓΘ
277 1435 318 1457 =
334 1407 409 1489 PH,
434 1404 588 1488 quoniam
611 1406 733 1469 Ar=
748 1406 810 1469 ΓΒ
831 1405 934 1489 [prop.
953 1403 993 1486 I].
1040 1427 1138 1490 quare

123 1510 220 1574 etiam
248 1514 373 1576 HF=
388 1515 421 1576 Ε
427 1514 465 1576 K.
514 1532 683 1576 commune
714 1509 884 1575 adiicietur
912 1514 981 1576 ΓΖ.
1027 1510 1138 1596 itaque

121 1621 186 1679 ΑΖ
207 1648 249 1670 =
269 1622 393 1684 AMN.
440 1639 538 1702 quare
567 1621 634 1681 AB
655 1626 688 1690 >
710 1620 787 1700 AZ,
815 1617 846 1681 h.
875 1638 901 1682 e.
923 1622 994 1682 ΑΔ
1013 1627 1047 1691 >
1063 1622 1137 1683 AZ.

188 1719 278 1808 Ergo
308 1722 453 1809 omnium
487 1722 868 1809 parallelogrammorum
896 1723 1000 1788 eidem
1030 1728 1137 1790 rectae

123 1827 358 1911 adplicatorum
382 1833 414 1893 et
437 1828 654 1894 deficientium
676 1829 790 1914 figuris
818 1829 1136 1915 parallelogrammis

122 1934 282 2000 similibus
320 1939 352 2000 et
389 1935 540 2000 similiter
575 1935 691 2019 positis
730 1935 772 2021 ei,
811 1957 893 2019 quae
929 1935 965 2001 in
1002 1936 1136 2003 dimidia

122 2039 325 2124 describitur,
356 2043 535 2105 maximum
558 2046 620 2126 est,
649 2041 733 2126 quod
758 2040 909 2106 dimidiae
937 2041 1135 2128 adplicatur3

125 2144 210 2230 quod
235 2148 305 2210 erat
328 2143 652 2232 demonstranduml)

261 401 290 456 A
413 395 451 453 J:

134 2461 148 2514 f
192 2393 217 2459 1)
238 2391 271 2447 H.
300 2408 322 2447 e.
351 2392 541 2462 producantur
571 2395 624 2446 ΗΖ
652 2391 688 2445 ad
714 2393 738 2445 Θ
761 2393 791 2445 et
815 2395 867 2446 KZ
890 2409 977 2461 usque
1004 2395 1040 2448 ad
1067 2399 1134 2464 AE3

119 2478 167 2517 er.
187 2463 213 2516 Il
246 2468 260 2515 7
295 2467 319 2519 8.

190 2505 225 2602 2)'
238 2505 336 2602 Itdque
364 2534 388 2588 is
417 2534 492 2588 solus
522 2551 600 2589 casus
628 2533 777 2602 tractatur,
805 2533 855 2588 ubi
878 2539 934 2589 ΑΚ
945 2539 979 2603 >
993 2540 1054 2604 ΑΓ,
1082 2555 1134 2593 nco

122 2620 191 2672 opus
220 2605 263 2658 est
295 2604 429 2674 alterum,
462 2604 511 2658 ubi
538 2610 594 2658 ΑΚ
614 2607 649 2671 <
672 2608 732 2670 ΑΓ,
757 2604 871 2673 propria
897 2606 1134 2663 demonstratione

120 2674 267 2729 ostendere
286 2691 337 2728 nec
356 2675 408 2730 hoe
427 2674 512 2729 moris
533 2676 576 2728 est
592 2673 725 2729 Euclidis.
764 2689 829 2728 sanc
853 2675 882 2728 in
901 2676 982 2731 codd.
1006 2678 1133 2733 omnibus

117 2745 231 2800 additur
258 2746 460 2800 demonstratio
488 2745 570 2799 huius
599 2761 709 2813 quoque
737 2761 824 2801 casus.
876 2745 925 2800 sed
959 2747 1134 2818 apertissime

117 2816 289 2886 interpolata
314 2818 368 2882 est3
397 2833 463 2870 nam
487 2816 609 2885 primum
632 2818 696 2870 ante
719 2814 768 2869 lin.
790 2822 823 2870 18
844 2833 894 2886 sq..
921 2833 978 2872 non
1000 2821 1067 2889 post
1086 2837 1133 2875 ees

117 2887 266 2942 inserenda
294 2889 366 2954 crat,
396 2886 496 2942 deinde
525 2887 583 2941 iam
611 2886 647 2940 ab
674 2885 754 2942 initio
782 2888 813 2941 in
859 2889 1054 2960 raeparatione
1078 2891 1133 2948 duo

117 2975 197 3012 cesus
216 2957 386 3028 respiciendi
404 2961 484 3012 erant
501 2975 553 3013 nee
571 2959 766 3039 hocusquam
784 2906 909 3029 neglexit
926 2960 1065 3030 Euclides,
1083 2963 1134 3017 ubi

116 3029 211 3098 plures
231 3046 310 3084 casus
333 3029 431 3095 habet3
455 3030 496 3083 ita
519 3029 606 3085 etiam
629 3046 660 3082 m
677 3031 766 3085 altero
791 3047 857 3085 casu
875 3030 992 3086 eaedem
1010 3031 1133 3103 litterae,

118 3116 189 3169 quae
209 3099 357 3170 inpriore,
377 3104 527 3170 usurpatae
546 3101 648 3169 essent,
667 3101 742 3170 quod
759 3100 819 3156 iure
843 3102 969 3172 postulat
988 3102 1133 3160 Simsonus

118 3189 145 3240 p.
167 3177 227 3226 380.
266 3171 425 3241 Campanus
445 3173 497 3240 VI,
516 3178 550 3227 26
569 3173 717 3240 utrumque
736 3189 831 3228 casum
851 3174 1031 3229 demonstrat.

169 3623 314 3675 Euclides,
330 3625 379 3667 edd.
394 3626 496 3675 Heibsrg
510 3627 635 3676 senlenge.
662 3627 695 3668 H.
