2514 4012
554 668 615 744 VI.

448 840 725 907 Definitiones.

145 964 170 1031 I.
200 965 340 1050 Figurae
362 966 548 1031 rectilineae
572 964 693 1030 similes
718 968 806 1050 sunt,
829 985 1038 1051 quaeeunque
1060 968 1094 1030 et

78 1072 216 1157 angulos
247 1070 394 1157 singulos
423 1073 574 1158 aequales
601 1072 724 1137 habent
751 1075 784 1136 et
810 1071 914 1136 latera
941 1071 1091 1158 aequales

78 1178 216 1262 angulos
240 1178 547 1263 comprehendentia
568 1178 835 1264 proportionalia.

148 1282 202 1368 [II.
225 1283 422 1369 Reciproeae
446 1288 555 1351 autem
579 1286 702 1370 figurae
722 1288 807 1370 sunt,
828 1284 886 1349 ubi
904 1285 939 1349 in
956 1287 1093 1370 utraque

81 1390 187 1476 figura
210 1394 244 1456 et
265 1386 501 1474 praesedentes
517 1396 550 1458 et
573 1395 744 1477 sequentes
767 1391 909 1458 rationes
934 1389 1061 1478 sunt].¹)

146 1495 205 1563 HI.
229 1494 411 1562 Seeuudum
431 1499 608 1564 extremam
626 1520 665 1564 ae
679 1497 818 1565 mediam
832 1496 992 1565 rationem
1005 1502 1094 1564 reeta

79 1602 169 1667 linea
192 1605 294 1669 secari
318 1603 444 1689 dieitur,
466 1604 523 1669 ubi
545 1609 617 1670 tota
641 1605 681 1670 ad
699 1608 824 1690 partem
843 1605 1000 1671 maiorem
1019 1628 1096 1671 ean-

82 1707 340 1776 damnationem
363 1711 464 1776 habet
488 1733 524 1776 ae
547 1712 652 1777 maior
673 1733 750 1796 pars
775 1711 815 1776 ad
839 1711 1005 1776 minorem.

150 1813 207 1881 IV.
232 1813 383 1883 Cuiusuis
402 1817 525 1904 figurae
544 1817 681 1884 altitudo
701 1822 752 1884 est
769 1822 858 1884 reeta
876 1840 896 1884 a
913 1817 1035 1883 uertiee
1055 1817 1096 1883 ad

78 1921 184 1987 basim
208 1923 483 2009 perpendicularis
507 1921 639 2011 dueta.¹)

573 2102 599 2168 Ι.

147 2205 320 2293 Trianguli
339 2212 372 2272 et
388 2209 697 2296 parallelogramma
718 2209 777 2274 sub
798 2209 909 2275 eadem
923 2208 1094 2275 altitudine

78 2313 189 2397 posita
212 2314 348 2379 eandem
370 2315 457 2380 inter
480 2336 514 2382 se
536 2316 697 2382 rationem
719 2316 842 2381 habent
865 2338 902 2381 ae
924 2316 1028 2382 bases.

154 2473 179 2539 1)
198 2470 276 2525 Haec
301 2470 427 2527 definitio
451 2488 588 2542 nusquam
611 2473 646 2527 ab
671 2472 789 2529 Euclide
813 2476 975 2544 usurpatum
1003 2490 1094 2542 neque

81 2539 157 2596 enim
180 2541 217 2596 ad
239 2542 438 2596 illustrandam
460 2543 630 2598 locutionem
652 2542 738 2613 λόγον
761 2539 995 2599 ἀντιπεπονθότα
1019 2542 1094 2628 ἔχειν

80 2614 131 2666 aut
150 2630 221 2683 opus
241 2615 298 2679 est,
321 2614 383 2681 aut,
407 2613 431 2667 si
455 2631 524 2682 opus
545 2616 632 2683 esset,
662 2615 809 2670 sufficeret.
845 2619 994 2685 praeterea
1016 2619 1094 2683 leym

78 2683 128 2737 lin.
149 2689 164 2738 7
184 2684 332 2738 obscurum
351 2686 401 2738 est.
438 2683 534 2753 itaque
553 2687 636 2755 puto,
656 2685 816 2740 Simsonum
834 2704 861 2756 p.
881 2691 933 2741 370
951 2685 1012 2740 iure
1032 2702 1094 2740 eam

79 2754 236 2809 damnasse.
274 2756 394 2810 fortasse
413 2771 447 2810 ex
465 2756 576 2811 Herone
596 2759 709 2826 sumpta
722 2759 774 2826 est,
793 2758 868 2828 apud
882 2773 966 2827 quem
979 2757 1091 2828 legitur.

153 2827 181 2895 2)
200 2824 262 2880 Def.
286 2832 304 2879 4
327 2843 381 2882 om.
407 2826 572 2896 Campanus.
608 2827 671 2883 Dei.
695 2835 711 2884 5
736 2829 795 2885 sine
818 2828 904 2885 dubio
923 2828 1094 2898 interpolata

82 2898 137 2962 est3
157 2913 223 2951 nam
236 2913 376 2966 nusquam
390 2900 541 2967 usurpatur
554 2915 607 2954 nee
620 2900 695 2969 apud
710 2899 883 2971 Campanum
898 2901 990 2955 exstat
1002 2914 1093 2968 nequa

78 2965 121 3049 in·
136 2966 312 3094 ipsiqdplqpld.
341 2969 435 3050 losum
461 2969 721 3097 eundemtopttuinet.
752 2972 824 3097 fsedt
839 2988 901 3026 eum
924 2970 946 3023 P
969 2986 993 3053 a·
1009 2987 1094 3025 manu

98 3056 151 3092 nm
254 3056 858 3097 1osnou01nemreeraur
899 3057 1093 3097 samm.

77 3055 197 3234 Eabeqt,
226 3057 612 3166 fortasselganteqllheonem
638 3112 810 3184 interpolata
837 3085 889 3168 eia.
921 3130 948 3168 u.
982 3058 1093 3167 Simldfir

79 3197 106 3249 p.
126 3187 160 3235 3⁷
198 3197 239 3249 sq.

79 3339 133 3393 def.
154 3345 170 3393 b
189 3339 219 3392 in
238 3338 293 3411 Bp.
369 3347 393 3397 9.
407 3336 439 3413 ἡ]
455 3359 509 3396 om.
524 3342 608 3413 PBp.
681 3339 729 3414 τό]
745 3360 798 3399 om.
813 3344 842 3398 F.
916 3349 958 3399 10.
975 3341 1092 3400 ἔλασσον

76 3408 309 3550 {agag—113
329 3430 386 3481 mg.
406 3412 524 3478 m.1P;
544 3414 813 3484 omhoeloeon.
897 3420 938 3470 1⁷.
954 3411 1006 3488 ed]
1022 3418 1094 3487 (alt.)
