2504 3998
526 792 594 866 IX.

551 964 577 1028 Ι.

125 1092 160 1159 si
183 1093 246 1158 duo
275 1091 396 1157 similes
419 1088 546 1154 numeri
574 1089 665 1172 plani
687 1088 771 1153 inter
795 1110 828 1153 se
853 1087 1072 1171 multiplican»

57 1206 107 1267 tes
130 1221 299 1265 numerum
323 1198 464 1282 aliquem
482 1196 665 1279 effecerint,
693 1217 846 1260 numerus
871 1217 909 1259 ex
931 1194 972 1258 iis
996 1215 1069 1276 pro·

57 1295 171 1375 duetus
196 1305 374 1391 quadratus
397 1305 466 1369 erit.

618 1406 692 1472 Sint
715 1408 778 1472 duo
803 1407 924 1472 similes
943 1406 1069 1470 numeri

553 1515 643 1598 plani
666 1520 707 1598 A,
725 1518 764 1597 B,
787 1516 820 1578 et
843 1514 886 1578 sit

534 1693 538 1730 ι
697 1627 730 1685 Α
744 1633 787 1689 ><
801 1624 830 1684 Β
846 1649 888 1672 =
903 1621 939 1683 Γ.

557 1727 639 1812 dieo,
652 1748 822 1792 numerum
836 1729 867 1791 Γ
879 1724 1072 1809 quadratum

553 1855 637 1899 osse.

126 1936 169 2000 sit
201 1937 288 2002 enim
311 1943 344 2002 A
362 1952 406 2006 ><
420 1943 452 2001 A
466 1967 509 1991 ===
527 1946 569 2004 Δ.
615 1945 648 2004 Δ
677 1939 778 2023 igitur
805 1937 981 2021 quadratus
1014 1939 1073 2000 est.

360 1576 363 1612 Ι

58 1798 92 1847 Ar
413 1810 417 1846 ι

56 2042 123 2106 iam
155 2042 309 2126 quoniam
340 2045 974 2126 A><A==AetA><B==P,
1011 2042 1073 2106 orit
1165 2076 1174 2089 ·

57 2154 115 2212 A:
134 2151 338 2212 B=A2F
358 2148 445 2234 ΠΗ,
467 2151 532 2232 17].
578 2155 611 2216 et
638 2150 791 2236 quonium
820 2155 864 2234 A,
887 2153 916 2213 Β
947 2147 1071 2213 similes

57 2256 134 2319 sunt
159 2252 286 2316 numeri
314 2253 419 2337 ploni,
446 2255 531 2319 inter
559 2261 604 2338 A,
623 2259 652 2319 Β
675 2276 758 2319 unus
783 2254 907 2319 medius
936 2275 1071 2339 propor-

55 2358 190 2424 tionalis
224 2358 439 2442 interponitur
473 2382 626 2425 numerus
656 2359 851 2444 [VH1‚18].
901 2361 952 2426 sin
984 2361 1069 2424 inter

57 2466 137 2530 duos
161 2486 315 2528 numeros
339 2464 513 2530 secundum
538 2466 783 2550 proportionem
807 2468 996 2532 continuum
1013 2489 1072 2531 nu·

56 2572 139 2636 meri
171 2571 296 2653 aliquot
326 2571 591 2654 interponuntur,
624 2574 704 2655 quot
733 2571 819 2648 inter
847 2593 902 2637 eos
933 2572 1073 2655 interpo-

57 2681 195 2759 nuntur,
227 2675 363 2739 totidem
395 2674 494 2738 etiam
524 2674 609 2738 inter
639 2696 694 2739 eos
722 2675 987 2759 interponuntur,
1019 2675 1074 2759 qui

58 2784 192 2849 eandem
212 2781 373 2845 rationem
395 2779 520 2844 habent
542 2779 646 2862 [VIII,
664 2782 708 2862 8].
751 2803 853 2866 quare
872 2781 973 2846 etiam
990 2782 1076 2845 inter

46 2895 104 2974 A,
124 2893 156 2954 Γ
173 2909 257 2953 unus
283 2886 407 2952 medius
436 2877 692 2971 proportionalis
719 2887 939 2973 interponitur
963 2908 1075 2952 nume-

57 3018 123 3060 rus.
168 2998 201 3059 et
228 2994 405 3078 quadratus
435 2998 486 3057 est
505 2998 558 3058 Λ.
605 3015 683 3079 ergo
714 2994 813 3058 etiam
842 2997 875 3058 Γ
898 2994 1074 3078 quadratus

59 3105 109 3166 est
132 3098 334 3184 [V111,22];
357 3100 443 3183 quod
466 3104 538 3165 orat
561 3100 858 3165 demonstrandum.

910 3259 1071 3268 —————

61 3345 178 3418 ἔχοντας
201 3341 300 3406 αὐτοῖς
318 3365 354 3414 φ,
377 3339 478 3408 αὐτοῖς
495 3363 551 3416 mg.
571 3363 608 3400 m.
629 3352 644 3399 2
664 3345 697 3399 V.
772 3349 813 3400 18.
835 3338 910 3398 ἐστιν
928 3343 960 3396 Ρ.
1033 3347 1075 3397 19.

59 3413 346 3545 ἑωΔ·Βτετρᾶγωνος]
365 3432 422 3485 mg.
441 3434 479 3470 m.
501 3424 514 3471 1
537 3418 565 3474 P.
641 3411 713 3484 ὅπερ
733 3414 792 3471 ἔδει
815 3415 920 3486 δεῖξαι]
945 3433 982 3468 m.
1006 3418 1022 3466 2
1041 3410 1076 3478 V,
