2514 4012
289 170 566 224 mnnnnnosnn
583 173 692 224 nuens
709 173 755 226 ον.
970 169 1035 237 321

147 312 260 401 nnguli
290 314 490 402 aequilateri.
535 315 646 400 iteque
678 316 707 381 si
730 318 867 382 ΑΒΓΔ
898 317 1036 384 circulus

146 420 208 488 sim
219 421 369 506 partibus
389 421 581 507 aequalibus
601 423 744 507 aequalis
763 423 903 507 ponitur,
926 444 1037 492 earum

144 548 163 594 e
185 527 330 614 aequalis
353 528 415 594 erit
437 550 531 595 arens
555 531 665 614 ΑΒΓ,
688 530 744 616 qui
766 530 866 613 tertia
887 551 963 615 pars
987 534 1038 596 est

144 654 265 715 ‚nous
288 638 396 702 entem
422 640 503 722 AB,
525 637 580 721 qui
603 636 718 722 quinte
740 659 818 721 pars
841 642 892 702 est
915 637 1037 723 circuli,

172 740 285 828 iteqne
306 742 449 828 reliquus
473 765 568 809 orons
586 746 653 809 ΒΓ
671 743 798 809 dnobus
820 744 965 828 portium
985 765 1036 809 ae·

142 868 167 914 n
189 848 333 934 esquelio
356 852 416 915 est
445 855 571 917 secetur
593 872 657 917 ero.
680 854 746 917 ΒΓ
765 851 800 915 in
823 849 902 916 dues
924 853 1035 934 partes

141 975 174 1021 ee
204 954 241 1021 in
269 959 302 1021 Β
324 954 396 1040 [111‚
418 955 486 1038 30].
531 955 641 1042 iteque
668 959 805 1041 uterque
837 977 930 1023 orsus
962 961 1037 1042 ΒΕ,

141 1059 222 1126 sinte
244 1059 368 1128 decime
388 1084 466 1147 pers
490 1063 541 1128 est
559 1060 671 1127 oirouli
689 1065 833 1128 ΑΒΓΔ.
873 1063 984 1148 itaque
1007 1064 1036 1128 si

146 1167 245 1233 reotis
258 1171 332 1254 ΒΕ,
355 1172 422 1235 ΕΓ
439 1190 567 1253 semper
589 1168 739 1253 deinceps
758 1172 863 1234 rectas
883 1169 1035 1253 aequales

139 1274 242 1342 snlnm
268 1276 403 1341 ΑΒΓΔ
434 1275 654 1360 epteuerimus
687 1276 790 1359 [prop.
819 1274 863 1359 I],
895 1275 929 1340 in
961 1297 1034 1341 enm

138 1384 178 1447 »to
191 1378 285 1468 erit¹)
302 1381 407 1468 figure
425 1379 609 1466 quindecim
626 1381 822 1465 angulorum
838 1382 1035 1467 aequilatero

137 1488 305 1575 nisngnla3
328 1487 417 1575 qnod
439 1488 612 1573 oportebat
634 1487 710 1554 fieri.

136 1592 211 1661 dem
239 1598 348 1661 entem
370 1595 478 1679 modo,
500 1617 564 1680 quo
588 1595 622 1659 in
645 1593 902 1679 quinquangulo,
925 1596 953 1661 si
974 1616 1035 1681 per

135 1745 138 1765 .
174 1699 343 1768 diuisionis
379 1702 414 1766 in
446 1701 565 1767 eironlo
598 1701 706 1786 posite
737 1704 843 1766 rectas
876 1701 1031 1768 circulum

133 1812 245 1893 gentes
275 1807 477 1891 duxerimus,
504 1806 611 1894 figure
633 1807 814 1892 quindecim
839 1808 1033 1893 angulorum

132 1917 218 1981 itero
250 1917 285 1980 et
315 1914 531 2001 aequiangule
562 1914 681 1979 circum
715 1914 870 1979 circulum
899 1914 1032 1982 circnm-

131 2042 177 2086 nr
192 2022 297 2105 [prop.
310 2017 397 2102 xm.
430 2023 464 2085 et
480 2023 650 2105 praeterea
665 2041 723 2105 per
737 2019 1031 2087 demonstrationes

130 2148 141 2192 s
164 2126 220 2206 iis,
249 2127 365 2212 quibus
388 2127 423 2192 in
447 2127 688 2212 quinquangulo
711 2127 762 2191 usi
787 2148 910 2211 sumus,
933 2127 1032 2192 etiam

129 2235 197 2298 tem
219 2233 358 2318 figuram
381 2233 564 2317 quindecim
588 2234 782 2320 angulorum
806 2233 961 2298 circulum
984 2235 1031 2299 in·

128 2362 193 2405 mus
209 2343 242 2405 et
260 2339 559 2405 circumscribemus
575 2341 680 2426 [prop.
693 2337 925 2426 XIII-XIV];
946 2341 1031 2425 quod

126 2447 193 2513 ebat
214 2446 292 2512 fieri.

133 2621 346 2690 Aequilsternm
364 2620 424 2676 fore
444 2621 563 2689 figuram
581 2619 755 2690 inscriptam,
774 2622 862 2689 patet.
887 2622 946 2674 tum
966 2637 1030 2676 esn-

123 2693 324 2818 teissim
343 2689 947 2818 ss2cossi-essetsszstso
973 2709 1030 2817 ‘tt‘

122 2849 154 2887 ne
174 2850 240 2888 usus
260 2781 391 2889 nocitus
405 2781 521 2902 νύκίος,
540 2834 615 2903 qnod
629 2834 727 2886 contre
741 2833 753 2886 Ι
769 2832 823 2887 def.
835 2838 868 2886 15
886 2850 938 2902 pro
951 2779 1029 2901 ulios·

137 2905 251 2973 ponitnr
270 2908 306 2974 (p.
322 2911 383 2972 320,
393 2911 417 2959 2.
433 2910 458 2960 4.
474 2911 498 2959 5.
515 2906 559 2973 8.).

119 3027 179 3099 ]in
197 3043 250 3082 ras.
269 3027 303 3085 V.
376 3029 421 3099 δέ]
441 3035 504 3083 m.2
520 3030 552 3084 V.
642 3028 698 3082 τῶν
717 3023 835 3098 ὁμοίων]
855 3043 924 3082 eorr.
944 3045 978 3082 ex
996 3027 1028 3083 τὸ

132 3104 201 3153 m.2
221 3099 254 3153 Β.
354 3106 396 3155 25.
416 3100 482 3171 καί]
501 3103 600 3169 postes
617 3100 712 3154 insert.
732 3099 763 3154 F.
844 3097 914 3152 Post
932 3117 1029 3153 πεντε-

117 3166 230 3239 οίγωνον
248 3169 311 3224 odd.
323 3171 431 3225 Theon:
452 3166 468 3224 ὅ
488 3166 563 3225 ἔστιν
583 3166 748 3237 ἰσόπλευρον
767 3187 796 3222 τε
816 3167 865 3221 καὶ
880 3166 1028 3237 ἰσογώνιον

116 3258 144 3310 ρ;
165 3236 223 3294 ἐστι
240 3243 280 3310 p),
300 3243 348 3296 sed
367 3242 415 3296 cfr.
434 3259 462 3310 p.
477 3246 575 3309 eles.
656 3246 698 3294 26.
719 3234 907 3309 ίγγροίψωμεν
924 3239 955 3295 Ρ.

115 3308 233 3380 ἅψωμεν
251 3312 281 3367 Ρ.
341 3309 410 3381 ὅπερ
431 3313 491 3368 ἔδει
508 3312 638 3433 nonium}
657 3311 691 3375 P;
711 3327 764 3364 om.
776 3310 874 3364 Theon
892 3309 1026 3381 (BFVp).

114 3385 167 3436 ine:
188 3377 346 3438 Εὐκλείδου
366 3386 509 3452 στοιχείων
528 3380 557 3437 δ’
578 3382 623 3435 Pe
651 3383 685 3445 B;
706 3376 864 3435 Εὐκλείδου
883 3383 1027 3452 στοιχείων

113 3451 198 3525 ἕωνος
217 3448 355 3518 ἐκδόσεως
374 3453 403 3508 δ’
423 3456 452 3510 F.
525 3455 557 3508 In
576 3454 621 3523 fig.
642 3449 682 3518 ιζ’
703 3452 733 3521 Ρ,
753 3447 799 3510 ις’
818 3452 848 3505 F.

113 3622 139 3664 ol
160 3623 219 3673 des,
234 3624 283 3666 edd.
299 3626 398 3675 Hoiberg
413 3629 435 3666 et
450 3627 536 3676 Menge.
777 3619 811 3670 21
