2514 4012
318 217 599 270 nnnrnnronnn
616 219 726 270 monn
743 220 817 273 vni.
1011 217 1078 287 335

508 415 630 480 XXIII.

128 533 161 600 si
191 539 345 621 quattuor
371 539 499 607 numeri
528 540 679 623 deinceps
707 540 967 627 proportionales
991 543 1077 626 sunt,

60 644 93 704 et
115 641 239 723 primus
263 644 364 708 cubus
389 648 455 729 est,
479 645 578 711 otiam
596 649 732 730 quartus
756 640 859 713 cubus
883 647 955 712 orit

128 746 201 815 Sint
229 752 383 834 quattuor
410 752 539 817 numeri
566 753 716 836 doinoeps
745 753 1007 838 proportionales
1036 759 1076 838 A,

59 856 97 933 Β,
116 855 152 936 Γ,
171 857 213 936 Λ,
237 859 270 918 et
293 861 325 920 A
348 858 447 921 cubus
473 859 524 922 sit.
571 859 651 941 dieo,
676 861 775 924 etiam
799 863 832 922 A
855 859 976 925 cubum
996 882 1076 927 esso.

448 986 524 1028 nam
562 966 715 1049 quoniam
748 967 832 1031 inter
863 973 912 1049 A,
941 973 975 1032 A
1012 968 1075 1031 duo

382 1070 479 1140 medii
507 1073 767 1155 proportionales
792 1077 867 1137 sunt
888 1074 1017 1139 numeri
1035 1077 1074 1158 B,

384 1177 418 1260 Γ,
436 1183 469 1241 A
487 1181 520 1240 ot
539 1181 572 1240 A
595 1178 716 1243 similes
736 1183 814 1244 sunt
833 1179 927 1245 solidi
947 1181 1074 1244 numeri

277 1355 281 1392 Ι
384 1283 493 1367 [prop.
522 1282 629 1365 XXI].
675 1306 788 1349 uerum
816 1293 849 1351 A
881 1286 981 1351 cubus
1015 1288 1074 1350 est

383 1410 460 1474 orgo
480 1391 581 1455 etiam
595 1396 629 1455 A
647 1390 747 1459 oubus
763 1395 813 1458 ost
833 1391 910 1473 [VH
924 1391 985 1457 def.
1001 1393 1072 1475 21];

58 1498 144 1582 quod
169 1500 239 1560 erat
262 1498 560 1571 demonstrandum.

502 1691 623 1761 xxlv.
645 1646 652 1659 ⁸

124 1814 159 1880 si
187 1815 248 1880 duo
281 1817 409 1882 numeri
439 1818 525 1883 inter
553 1838 587 1880 so
614 1817 776 1896 rationem
808 1816 945 1900 habent,
974 1837 1072 1901 quam

56 1922 234 2008 quadratus
261 1943 414 1991 numerus
443 1923 484 1988 ad
515 1922 709 2007 quadratum
732 1942 917 2005 numerum,
946 1926 979 1986 et
1005 1922 1071 2007 pri·

55 2051 128 2095 mus
153 2027 329 2112 quadratus
352 2034 414 2108 ert,
440 2029 538 2094 etiam
562 2028 721 2094 secundus
746 2029 922 2113 quadratus
947 2029 1019 2094 erit.

122 2134 195 2200 Duo
220 2136 306 2200 enirn
333 2136 460 2201 numeri
487 2140 580 2219 A,B
610 2135 696 2200 inter
726 2135 944 2201 serationem
971 2135 1071 2201 hobo-

56 2245 126 2325 anI,
155 2263 253 2325 quom
281 2243 457 2326 quadratus
484 2264 638 2308 numerus
668 2245 700 2306 Γ
723 2242 764 2310 od
788 2241 985 2325 quadratum
1012 2262 1077 2309 nu··

55 2371 180 2414 merum
209 2353 255 2432 A,
286 2353 319 2414 et
341 2355 373 2413 A
397 2350 573 2434 quadratus
602 2350 654 2414 sit.
700 2349 786 2433 dioo,
815 2349 915 2414 otiam
938 2354 967 2414 Β
991 2372 1069 2434 quo-

54 2456 184 2520 dratum
208 2476 287 2519 esse.

120 2584 197 2626 nam
226 2562 380 2644 quoniam
408 2564 449 2645 Γ,
468 2565 501 2624 A
525 2562 675 2646 quadrati
703 2564 794 2644 sunt,
827 2563 869 2644 Γ,
889 2565 922 2624 A
945 2561 1068 2627 similes

430 2671 505 2731 sunt
522 2667 622 2752 ploni.
656 2668 766 2750 itaque
781 2667 867 2731 inter
880 2667 922 2748 Γ,
937 2671 971 2730 A
984 2689 1067 2735 unus

427 2774 552 2838 medius
575 2772 830 2857 proportionalis
849 2771 1068 2856 interponitur

426 2902 579 2947 numerus
600 2881 705 2965 [prop.
718 2876 853 2959 XVIIII
889 2882 1067 2944 notantem

427 2989 460 3050 Γ
468 3011 475 3051 :
492 2991 525 3050 A
540 3016 582 3039 =
597 2993 651 3052 A:
666 2990 704 3052 Β.
741 3004 841 3071 quaro
865 2982 963 3050 etiam
982 2987 1067 3050 inter

417 3100 462 3178 A,
488 3097 516 3157 Β
547 3115 630 3162 unus
659 3092 784 3161 modius
812 3092 1066 3176 proportionalis

53 2740 76 2790 A
84 2753 247 2790 r—-—

82 2859 85 2895 ι
355 2847 385 2896 ιΒ

80 2954 228 3003 ι·--ιΓ

80 3061 283 3110 1———1A

51 3201 269 3284 interponitur
299 3222 450 3264 numerus
483 3201 592 3283 [prop.
615 3198 724 3279 VIII}
770 3202 803 3263 et
830 3205 862 3263 A
890 3197 1065 3280 quadratus

52 3311 110 3373 est.
157 3328 233 3392 ergo
258 3308 355 3372 etiam
378 3311 407 3371 B
428 3306 607 3391 quadratus
630 3310 680 3370 est
704 3309 808 3390 [prop.
832 3302 955 3388 XXII];
980 3304 1066 3388 quod

52 3418 122 3480 orat
144 3415 440 3480 demonstrandum.
