2514 4012
394 213 669 265 ELEMENTORUM
687 215 796 264 LIBER
813 215 861 266 IX.
1065 211 1130 277 361

121 356 239 421 cubum
263 377 333 422 esse
355 360 483 441 praeter
506 359 659 440 quartum
683 356 724 421 ab
744 356 878 441 unitate,
901 360 933 420 et
951 357 1132 443 quicunque

119 463 243 527 duobus
265 462 345 528 locis
369 461 497 527 distent

112 583 115 590 ·
184 591 261 634 nam
285 568 313 633 si
335 568 406 632 fieri
428 569 546 651 potest,
570 568 613 632 sit
630 572 664 632 A
687 568 796 634 cubus.
834 571 884 633 est
906 571 1014 632 autem
1033 570 1132 634 etiam

119 677 151 740 Γ
169 675 271 739 cubus
296 675 399 757 [prop.
413 673 522 759 VHI];
547 677 680 759 quartus
700 676 787 739 enim
806 679 855 740 est
873 675 914 740 sb
932 674 1067 766 unitate.
1099 678 1133 740 et

116 784 163 846 P:
172 785 206 845 A
217 811 258 833 =
268 784 298 845 Β
306 803 314 845 :
325 782 362 845 Γ.
386 801 485 864 quare
495 779 595 845 etiam
609 784 639 845 Β
649 780 690 844 ad
700 782 732 845 Γ
740 781 900 846 rationem
914 780 1022 863 habet,
1033 803 1131 865 quam

117 887 217 952 cubus
228 887 269 951 ad
283 887 409 951 cubum.
442 890 475 951 et
493 888 525 951 Γ
539 886 639 951 cubus
659 891 717 952 est.
748 888 859 971 itaque
873 887 1015 951 etismB
1029 887 1130 952 cubus

117 997 167 1058 est
186 991 273 1077 ΝΠ,
290 993 340 1058 13.
362 991 452 1075 VIII,
467 992 534 1073 25].
572 994 604 1056 et
623 994 775 1076 quonism
794 997 843 1058 est
863 995 881 1058 1
898 998 952 1058 :A
968 1023 1009 1046 --
1023 998 1077 1057 A:
1092 997 1130 1078 Β,

119 1103 152 1164 et
175 1099 282 1163 unitas
305 1120 475 1163 numerum
494 1102 527 1161 A
551 1099 727 1163 secundum
749 1099 892 1164 unitates
914 1099 1017 1182 ipsius
1039 1100 1131 1163 meti·

117 1208 182 1287 tur,
206 1205 303 1269 etiam
322 1211 355 1269 A
377 1227 546 1269 numerum
567 1209 595 1269 Β
619 1206 793 1271 secundum
811 1206 953 1271 unitates
973 1228 1049 1270 suas
1068 1228 1133 1270 me·

116 1310 205 1374 titur.
238 1311 349 1396 itaque
368 1310 430 1375 erit
447 1316 480 1375 A
494 1325 537 1379 ><
551 1317 584 1375 A
600 1341 641 1365 =
657 1316 695 1378 Β.
727 1312 778 1376 sin
796 1333 949 1376 numerus
970 1333 1004 1376 se
1022 1311 1131 1396 ipsum

117 1417 337 1502 multiplicans
361 1418 480 1483 cubum
504 1418 653 1503 effecerit,
676 1421 709 1483 et
730 1419 800 1501 ipse
824 1417 924 1482 cubus
944 1416 1005 1481 erit
1026 1419 1130 1502 [prop.

116 1521 188 1603 VI].
226 1523 335 1608 itaque
354 1529 387 1587 A
404 1523 505 1587 cubus
521 1526 583 1607 est3
606 1523 692 1608 quod
711 1527 761 1588 est
778 1525 891 1606 contra
908 1522 1129 1606 hypothesim.

117 1649 194 1715 ergo
217 1634 251 1694 A
274 1629 374 1694 cubus
397 1649 463 1693 non
487 1632 545 1694 est.
589 1629 740 1695 similiter
763 1628 1067 1712 demonstrabimus,
1090 1651 1131 1694 ne

117 1736 216 1800 elium
245 1734 375 1821 quidem
398 1735 501 1798 ullum
524 1735 642 1800 cubum
666 1757 736 1800 esse
759 1739 889 1819 praeter
912 1737 1065 1819 quartum
1089 1735 1130 1799 ab

116 1839 252 1922 unitate,
275 1843 309 1904 et
331 1840 514 1925 quicunque
540 1838 665 1905 duobus
688 1840 768 1905 locis
792 1839 924 1924 distent3
951 1841 1036 1924 quod
1060 1844 1130 1906 eret

117 1945 413 2011 demonstrandum.

595 2068 651 2134 XI.

184 2191 219 2258 Si
246 2193 408 2278 quotlibet
434 2194 560 2257 numeri
589 2193 740 2278 deinceps
767 2194 1027 2277 proportionales
1056 2199 1132 2260 sunt

118 2299 160 2364 ab
181 2299 320 2380 unitate,
343 2299 450 2365 minor
473 2299 631 2364 maiorem
655 2299 830 2365 seeundum
854 2300 995 2385 aliquem
1019 2322 1131 2366 eorum

117 2405 260 2487 metitur,
285 2406 342 2489 qui
364 2405 451 2470 iuter
473 2426 625 2470 numeros
648 2406 912 2490 proportionales
936 2410 1077 2472 exstent.

185 2508 259 2576 Sint
283 2510 444 2596 quotlibet
465 2511 594 2575 numeri
617 2511 658 2575 ab
681 2513 808 2577 unitate
826 2517 859 2576 A
883 2512 1032 2597 deinceps
1055 2537 1130 2599 pro-

118 2617 318 2701 portionales
341 2620 380 2701 Β,
399 2617 436 2698 Γ,
456 2621 497 2697 A,
517 2619 555 2680 Ε.
597 2615 677 2694 dico,
701 2639 739 2681 ex
762 2617 905 2682 numeris
929 2622 968 2701 Β,
986 2620 1022 2701 Γ,
1040 2624 1082 2701 Δ,
1101 2624 1134 2684 E

118 2723 289 2787 minimum
311 2725 341 2786 Β
368 2743 538 2786 numerum
562 2725 593 2785 E
621 2722 795 2787 secundum
819 2722 960 2807 aliquem
983 2745 1131 2789 numero·

117 2851 190 2895 rum
213 2830 250 2911 Γ,
275 2833 308 2892 A
330 2827 447 2892 metiri.

184 2956 261 2998 nam
285 2934 438 3017 quoniam
462 2937 513 2998 est
535 2938 567 2997 A
581 2955 588 2996 ε
603 2936 632 2997 Β
647 2960 687 2982 =
703 2938 756 2997 A:
774 2937 812 3016 E,
835 2938 867 2997 A
889 2933 998 2999 unitas
1020 2956 1131 3000 nume-

117 3176 180 3250 τόν]
206 3196 260 3234 om.
283 3180 315 3234 Β.
353 3173 442 3241 οὕτως
466 3174 481 3233 ὁ
501 3179 531 3233 B.
625 3184 667 3234 14.
686 3178 750 3248 acl]
769 3196 853 3248 supra
871 3197 908 3232 m.
930 3185 944 3232 1
963 3179 994 3234 P.
1087 3186 1129 3238 15.

118 3246 186 3305 οὐδὲ
206 3249 269 3318 Vp.
343 3256 384 3304 20.
404 3244 529 3304 ἐλάσσων
547 3250 577 3304 P.
652 3255 694 3305 28.
715 3244 863 3304 ὁποιοιοῦν
880 3249 916 3314 Ρς
936 3266 1004 3304 corr.
1023 3268 1060 3306 m.
1075 3268 1130 3307 rec.

118 3327 162 3376 24.
186 3326 217 3392 B,
237 3322 276 3446 g]
292 3322 390 3390 (prius)
410 3321 439 3374 in
452 3337 506 3375 ras.
527 3342 557 3390 φ.
614 3325 657 3375 26.
673 3316 796 3376 ἐλάσσων
810 3321 909 3375 Theon
928 3320 1040 3392 (BVp).
1095 3318 1129 3395 ὁ]

116 3408 220 3447 ecorr.
266 3435 272 3446 .
