2514 4012
394 195 669 247 muuuuuouuu
686 197 796 246 immi
814 197 861 247 m.
1066 195 1131 260 401

115 362 193 406 eum
211 362 323 423 parem
345 361 424 404 esse.
447 339 557 423 itaque
582 341 614 403 Γ
631 339 736 422 impar
758 361 824 404 non
847 342 906 403 est.
952 361 1010 423 par
1033 341 1134 426 igitur

118 451 169 512 esi
192 449 228 513 Γ.
270 468 368 532 quare
392 452 424 510 A
446 468 613 510 numerum
637 449 666 510 Β
691 445 867 510 secuudum
890 467 1003 530 parem
1024 470 1133 514 nume-

118 576 190 618 rum
219 555 361 618 metitur.
407 573 483 637 ergo
491 551 517 639 ¹)
546 553 645 618 etium
669 552 849 617 dimidium
862 552 931 618 eius
969 555 1133 640 metietur3

118 660 205 744 quod
229 663 299 725 erut
322 659 617 725 demonstrandum.

566 853 685 919 XXXI.

188 976 223 1044 si
254 979 360 1064 impar
389 1002 543 1045 numerus
572 978 613 1042 ad
642 1001 813 1044 numerum
842 980 983 1064 aliquem
1010 980 1133 1065 primus

119 1089 179 1170 esi,
203 1086 302 1151 eiiam
326 1086 366 1150 ad
391 1086 551 1170 duplicem
575 1087 643 1152 eius
667 1087 791 1170 primus
815 1087 885 1151 erit.

184 1192 269 1259 Nam
298 1194 406 1276 impar
433 1214 585 1257 numerus
614 1199 646 1258 A
674 1193 715 1257 ad
742 1216 913 1258 numerum
942 1193 1082 1278 aliquem
1105 1196 1133 1256 B

118 1297 242 1381 primus
272 1299 328 1381 sii,
359 1302 393 1363 el
420 1299 463 1363 sii
486 1302 571 1364 Γπ
587 1301 650 1365 23.
698 1301 782 1385 dico,
816 1305 847 1364 A
875 1300 914 1364 ud
939 1303 971 1365 Γ
993 1300 1134 1383 primum

118 1424 227 1473 ι--ιΑ
443 1387 522 1470 essu.
567 1428 644 1471 nam
677 1407 706 1470 si
738 1429 805 1471 non
834 1410 911 1471 suni
937 1406 1048 1491 primi,
1078 1427 1135 1469 nu-

116 1530 261 1580 ι--ιΒ
368 1565 395 1614 P
440 1534 547 1578 merus
568 1512 686 1597 aliquis
708 1535 763 1578 eos
777 1514 939 1579 meiielur.
972 1514 1135 1597 metiatur,

391 1631 396 1670 ¹
442 1622 475 1682 el
489 1619 532 1683 sit
546 1625 587 1684 A.
612 1626 645 1685 ei
660 1625 691 1684 A
705 1620 813 1703 impar
827 1623 885 1685 est.
909 1620 1019 1704 itaque
1034 1620 1133 1684 eiiam

443 1729 477 1788 A
499 1725 605 1808 impar
633 1729 690 1791 est.
736 1731 769 1790 el
795 1726 949 1811 quoniam
974 1731 1007 1789 A
1030 1725 1136 1808 impar

117 1853 286 1897 numerum
306 1833 338 1895 Γ
356 1829 497 1914 metitur,
516 1833 549 1894 et
567 1835 599 1896 Γ
613 1853 674 1915 par
692 1835 753 1915 esi,
773 1831 874 1897 eliam
888 1832 1059 1897 dimidium
1076 1853 1133 1896 nu-

117 1940 198 2003 meri
218 1941 250 2001 Γ
264 1938 423 2002 metietur.
460 1958 573 2001 uerum
587 1942 616 2002 B
628 1969 670 1992 =
682 1936 715 2022 Ὺ,
721 1941 758 2004 Γ.
794 1940 904 2024 itaque
919 1945 952 2004 A
965 1960 1135 2003 numerum

119 2050 147 2109 Β
162 2045 306 2109 metitur.
342 2065 454 2108 uerum
470 2044 571 2108 eliam
584 2067 754 2110 numerum
769 2051 801 2110 A
814 2047 954 2111 metitur.
987 2050 1020 2109 A
1033 2045 1136 2130 igilur

117 1709 264 1759 l-——lA

117 2172 269 2216 numeros
290 2156 330 2235 A,
349 2153 377 2213 B
400 2150 542 2234 metitur,
565 2151 621 2234 qui
644 2151 730 2216 inter
753 2174 787 2217 se
811 2153 909 2237 primi
933 2155 1025 2236 sunt3
1050 2151 1136 2237 quod
1158 2224 1161 2230 Ι

117 2258 189 2322 fieri
212 2279 278 2323 non
301 2260 419 2340 potest.
470 2257 580 2341 itaque
603 2258 672 2321 fieri
694 2280 761 2323 non
783 2262 904 2343 polest,
926 2263 964 2324 ul
987 2265 1019 2323 A
1042 2259 1083 2323 ad
1106 2261 1139 2323 Γ

118 2362 242 2447 primus
265 2385 331 2428 non
357 2364 407 2428 sil.
450 2385 527 2449 ergo
548 2368 588 2446 A,
603 2365 636 2429 Γ
649 2365 735 2429 inter
759 2386 792 2429 se
815 2366 912 2449 primi
935 2370 1025 2450 sunt3
1048 2366 1135 2450 quod

122 2472 191 2532 erat
214 2468 511 2535 demonstrandum.

559 2628 695 2696 XXXII.

186 2750 248 2827 Qui
276 2752 350 2816 inde
378 2775 398 2816 a
426 2751 551 2817 binario
581 2775 709 2838 semper
740 2753 994 2837 conduplicando
1017 2754 1134 2837 produ-

121 2862 238 2923 cuntur
261 2861 396 2944 numeri,
420 2862 541 2946 singuli
565 2860 670 2925 solum
693 2862 816 2945 pariter
838 2882 932 2944 pares
957 2862 1042 2925 sunt.

186 2965 272 3030 Nam
296 2989 316 3030 a
339 2967 466 3033 binario
485 2974 517 3032 A
542 2968 703 3052 quotlibet
725 2967 852 3032 numeri
871 2987 998 3051 semper
1017 2967 1134 3032 coudu-
1236 3025 1240 3032 .

193 3143 219 3210 1)
238 3141 312 3194 Nam
331 3141 479 3196 dimidium
498 3142 650 3196 secundum
668 3159 815 3196 numerum
833 3140 982 3195 dimidium
1001 3140 1134 3195 metietur

120 3228 205 3279 quam
223 3213 323 3268 tolum.

118 3383 220 3459 ἥμισυς
243 3389 328 3460 BVq.
404 3396 444 3445 19.
468 3387 534 3458 τόν]
558 3384 589 3443 τό
614 3388 644 3442 F.
719 3390 758 3460 Γ]
778 3406 847 3444 corr.
868 3406 902 3444 ex
920 3394 942 3443 B
961 3391 993 3445 V.
1066 3391 1136 3444 Post

119 3461 190 3514 Ain
207 3461 229 3514 F
249 3460 303 3517 del.
323 3465 353 3515 Β.
408 3468 451 3518 22.
470 3465 512 3515 δι·
530 3460 560 3514 in
578 3477 631 3515 ras.
652 3466 668 3515 6
686 3459 742 3514 litt.
761 3459 794 3516 V.
851 3467 893 3517 23.
914 3457 988 3516 ἐστιν
1006 3460 1036 3515 Ρ.
1091 3466 1134 3516 24.

118 3530 158 3602 A]
177 3548 234 3587 non
252 3531 343 3601 liquet
360 3534 389 3588 F.

172 3631 322 3684 Mondou,
337 3633 387 3673 edd.
401 3631 503 3681 Heluam
516 3633 539 3671 οἱ
552 3631 642 3680 Moneo,
669 3631 701 3671 H.
940 3627 974 3677 26
