<?xml version="1.0" encoding="UTF-8"?>
<!DOCTYPE html PUBLIC "-//W3C//DTD XHTML 1.0 Transitional//EN"
    "http://www.w3.org/TR/xhtml1/DTD/xhtml1-transitional.dtd">
<html xmlns="http://www.w3.org/1999/xhtml" xml:lang="en" lang="en">
 <head>
  <title>
</title>
<meta http-equiv="Content-Type" content="text/html;charset=utf-8" />
  <meta name='ocr-system' content='tesseract 3.04.00' />
  <meta name='ocr-capabilities' content='ocr_page ocr_carea ocr_par ocr_line ocrx_word'/>
</head>
<body>
  <div class='ocr_page' id='page_1' title='image "./euclidisoperaom03unkngoog_0757.png"; bbox 0 0 2514 4012; ppageno 0'>
   <div class='ocr_carea' id='block_1_1' title="bbox 141 217 775 287">
    <p class='ocr_par' dir='ltr' id='par_1_1' title="bbox 141 217 775 287">
     <span class='ocr_line' id='line_1_1' title="bbox 141 217 775 287; baseline -0.019 -1"><span class='ocrx_word' id='word_1_1' title='bbox 141 222 208 287; x_wconf 78' lang='lat'><strong><em>380</em></strong></span> <span class='ocrx_word' id='word_1_2' title='bbox 511 219 713 272; x_wconf 69' lang='grc' dir='ltr'><strong><em>Στοιεεεαα</em></strong></span> <span class='ocrx_word' id='word_1_3' title='bbox 730 217 775 274; x_wconf 78' lang='grc' dir='ltr'><strong><em>ε’.</em></strong></span> 
     </span>
    </p>
   </div>
   <div class='ocr_carea' id='block_1_2' title="bbox 89 360 1168 2791">
    <p class='ocr_par' dir='ltr' id='par_1_2' title="bbox 89 360 1168 2791">
     <span class='ocr_line' id='line_1_2' title="bbox 141 360 1163 451; baseline -0.001 -19"><span class='ocrx_word' id='word_1_4' title='bbox 141 373 278 451; x_wconf 79' lang='grc' dir='ltr'><strong><em>λογον,</em></strong></span> <span class='ocrx_word' id='word_1_5' title='bbox 307 365 347 430; x_wconf 81' lang='grc' dir='ltr'><strong><em>οί</em></strong></span> <span class='ocrx_word' id='word_1_6' title='bbox 372 362 415 430; x_wconf 72' lang='lat'><strong><em>55</em></strong></span> <span class='ocrx_word' id='word_1_7' title='bbox 442 360 558 449; x_wconf 80' lang='grc' dir='ltr'><strong><em>ἄκροι</em></strong></span> <span class='ocrx_word' id='word_1_8' title='bbox 586 361 716 431; x_wconf 78' lang='grc' dir='ltr'><strong><em>αὐτῶν</em></strong></span> <span class='ocrx_word' id='word_1_9' title='bbox 744 365 900 447; x_wconf 80' lang='grc' dir='ltr'><strong><em>πρῶτοι</em></strong></span> <span class='ocrx_word' id='word_1_10' title='bbox 932 361 1037 450; x_wconf 85' lang='grc' dir='ltr'><strong><em>πρὸς</em></strong></span> <span class='ocrx_word' id='word_1_11' title='bbox 1060 361 1163 450; x_wconf 79' lang='grc' dir='ltr'><strong><em>ἀλλή·</em></strong></span> 
     </span>
     <span class='ocr_line' id='line_1_3' title="bbox 141 462 1162 558; baseline -0.001 -19"><span class='ocrx_word' id='word_1_12' title='bbox 141 479 234 551; x_wconf 75' lang='grc' dir='ltr'><strong><em>λους</em></strong></span> <span class='ocrx_word' id='word_1_13' title='bbox 268 462 381 555; x_wconf 76' lang='grc' dir='ltr'><strong><em>ὦσιν,</em></strong></span> <span class='ocrx_word' id='word_1_14' title='bbox 415 466 486 536; x_wconf 85' lang='grc' dir='ltr'><strong><em>οὐκ</em></strong></span> <span class='ocrx_word' id='word_1_15' title='bbox 516 473 626 536; x_wconf 80' lang='grc' dir='ltr'><strong><em>ἔσται</em></strong></span> <span class='ocrx_word' id='word_1_16' title='bbox 655 466 704 549; x_wconf 76' lang='grc' dir='ltr'><strong><em>ὡς</em></strong></span> <span class='ocrx_word' id='word_1_17' title='bbox 732 465 750 535; x_wconf 93' lang='lat'><em>5</em></span> <span class='ocrx_word' id='word_1_18' title='bbox 780 471 946 555; x_wconf 76' lang='grc' dir='ltr'><strong><em>πρῶτος</em></strong></span> <span class='ocrx_word' id='word_1_19' title='bbox 974 468 1076 558; x_wconf 84' lang='grc' dir='ltr'><strong><em>πρὸς</em></strong></span> <span class='ocrx_word' id='word_1_20' title='bbox 1105 468 1162 539; x_wconf 81' lang='grc' dir='ltr'><strong><em>τὸν</em></strong></span> 
     </span>
     <span class='ocr_line' id='line_1_4' title="bbox 143 572 1127 664; baseline -0.001 -18"><span class='ocrx_word' id='word_1_21' title='bbox 143 577 349 664; x_wconf 77' lang='grc' dir='ltr'><strong><em>δεύτερον,</em></strong></span> <span class='ocrx_word' id='word_1_22' title='bbox 374 573 498 654; x_wconf 81' lang='grc' dir='ltr'><strong><em>οὕτως</em></strong></span> <span class='ocrx_word' id='word_1_23' title='bbox 521 572 539 643; x_wconf 94' lang='lat'><em>5</em></span> <span class='ocrx_word' id='word_1_24' title='bbox 563 581 727 663; x_wconf 81' lang='grc' dir='ltr'><em>ἔσχατος</em></span> <span class='ocrx_word' id='word_1_25' title='bbox 749 572 849 660; x_wconf 83' lang='grc' dir='ltr'><strong><em>πρὸς</em></strong></span> <span class='ocrx_word' id='word_1_26' title='bbox 872 572 1008 645; x_wconf 81' lang='grc' dir='ltr'><strong><em>ἀλλον</em></strong></span> <span class='ocrx_word' id='word_1_27' title='bbox 1031 577 1127 646; x_wconf 83' lang='grc' dir='ltr'><strong><em>τινά.</em></strong></span> 
     </span>
     <span class='ocr_line' id='line_1_5' title="bbox 200 679 1162 770; baseline -0.002 -18"><span class='ocrx_word' id='word_1_28' title='bbox 200 684 375 752; x_wconf 82' lang='grc' dir='ltr'><strong><em>Ἔστωσαν</em></strong></span> <span class='ocrx_word' id='word_1_29' title='bbox 408 679 658 767; x_wconf 78' lang='grc' dir='ltr'><strong><em>ὁσοιδηποτοῦν</em></strong></span> <span class='ocrx_word' id='word_1_30' title='bbox 694 679 838 769; x_wconf 79' lang='grc' dir='ltr'><strong><em>ἀριθμοὶ</em></strong></span> <span class='ocrx_word' id='word_1_31' title='bbox 877 683 962 769; x_wconf 83' lang='grc' dir='ltr'><em>ἑξῆς</em></span> <span class='ocrx_word' id='word_1_32' title='bbox 999 680 1162 770; x_wconf 81' lang='grc' dir='ltr'><strong><em>ἀνάλογον</em></strong></span> 
     </span>
     <span class='ocr_line' id='line_1_6' title="bbox 107 786 1162 877; baseline 0.004 -24"><span class='ocrx_word' id='word_1_33' title='bbox 107 795 177 858; x_wconf 77' lang='grc' dir='ltr'><strong><em>σοί</em></strong></span> <span class='ocrx_word' id='word_1_34' title='bbox 199 800 243 876; x_wconf 99' lang='lat' dir='ltr'><em>A,</em></span> <span class='ocrx_word' id='word_1_35' title='bbox 262 798 306 875; x_wconf 99' lang='grc' dir='ltr'><em>Β,</em></span> <span class='ocrx_word' id='word_1_36' title='bbox 325 796 368 875; x_wconf 91' lang='grc' dir='ltr'><em>Γ,</em></span> <span class='ocrx_word' id='word_1_37' title='bbox 389 797 435 875; x_wconf 89' lang='grc' dir='ltr'><em>Δ,</em></span> <span class='ocrx_word' id='word_1_38' title='bbox 464 791 500 856; x_wconf 81' lang='grc' dir='ltr'><strong><em>οί</em></strong></span> <span class='ocrx_word' id='word_1_39' title='bbox 520 788 558 857; x_wconf 77' lang='lat'><strong><em>55</em></strong></span> <span class='ocrx_word' id='word_1_40' title='bbox 580 787 680 877; x_wconf 88' lang='grc' dir='ltr'><strong><em>ἀκροι</em></strong></span> <span class='ocrx_word' id='word_1_41' title='bbox 704 786 815 855; x_wconf 77' lang='grc' dir='ltr'><strong><em>αὐτῶν</em></strong></span> <span class='ocrx_word' id='word_1_42' title='bbox 845 791 883 856; x_wconf 78' lang='grc' dir='ltr'><strong><em>οἱ</em></strong></span> <span class='ocrx_word' id='word_1_43' title='bbox 910 800 963 874; x_wconf 92' lang='grc' dir='ltr'><em>Α,</em></span> <span class='ocrx_word' id='word_1_44' title='bbox 983 797 1020 856; x_wconf 93' lang='grc' dir='ltr'><em>Δ</em></span> <span class='ocrx_word' id='word_1_45' title='bbox 1048 794 1162 877; x_wconf 77' lang='grc' dir='ltr'><strong><em>πρῶτοι</em></strong></span> 
     </span>
     <span class='ocr_line' id='line_1_7' title="bbox 141 891 1160 982; baseline 0 -18"><span class='ocrx_word' id='word_1_46' title='bbox 141 897 225 982; x_wconf 86' lang='grc' dir='ltr'><strong><em>πρὸς</em></strong></span> <span class='ocrx_word' id='word_1_47' title='bbox 252 895 420 982; x_wconf 76' lang='grc' dir='ltr'><strong><em>ἀλλήλους</em></strong></span> <span class='ocrx_word' id='word_1_48' title='bbox 447 900 609 963; x_wconf 80' lang='grc' dir='ltr'><strong><em>ἔστωσαν·</em></strong></span> <span class='ocrx_word' id='word_1_49' title='bbox 643 896 743 980; x_wconf 82' lang='grc' dir='ltr'><em>λέγω,</em></span> <span class='ocrx_word' id='word_1_50' title='bbox 776 891 827 962; x_wconf 82' lang='grc' dir='ltr'><strong><em>ὅτι</em></strong></span> <span class='ocrx_word' id='word_1_51' title='bbox 857 892 925 961; x_wconf 80' lang='grc' dir='ltr'><strong><em>οὐκ</em></strong></span> <span class='ocrx_word' id='word_1_52' title='bbox 956 900 1054 964; x_wconf 86' lang='grc' dir='ltr'><strong><em>ἔστιν</em></strong></span> <span class='ocrx_word' id='word_1_53' title='bbox 1083 892 1160 976; x_wconf 76' lang='grc' dir='ltr'><strong><em>ἀςὸ</em></strong></span> 
     </span>
     <span class='ocr_line' id='line_1_8' title="bbox 142 997 1010 1090; baseline 0 -20"><span class='ocrx_word' id='word_1_54' title='bbox 142 1012 174 1070; x_wconf 90' lang='lat' dir='ltr'><em>A</em></span> <span class='ocrx_word' id='word_1_55' title='bbox 196 1002 279 1090; x_wconf 77' lang='grc' dir='ltr'><strong><em>πρὸς</em></strong></span> <span class='ocrx_word' id='word_1_56' title='bbox 301 1002 362 1072; x_wconf 90' lang='grc' dir='ltr'><strong><em>τὸν</em></strong></span> <span class='ocrx_word' id='word_1_57' title='bbox 386 1010 428 1089; x_wconf 92' lang='grc' dir='ltr'><em>Β,</em></span> <span class='ocrx_word' id='word_1_58' title='bbox 452 999 559 1080; x_wconf 76' lang='grc' dir='ltr'><strong><em>οὕτως</em></strong></span> <span class='ocrx_word' id='word_1_59' title='bbox 581 998 599 1069; x_wconf 93' lang='lat'><em>5</em></span> <span class='ocrx_word' id='word_1_60' title='bbox 625 1010 658 1069; x_wconf 98' lang='lat' dir='ltr'><em>A</em></span> <span class='ocrx_word' id='word_1_61' title='bbox 679 999 763 1086; x_wconf 80' lang='grc' dir='ltr'><strong><em>πρὸς</em></strong></span> <span class='ocrx_word' id='word_1_62' title='bbox 784 997 891 1068; x_wconf 85' lang='grc' dir='ltr'><strong><em>ἀλλον</em></strong></span> <span class='ocrx_word' id='word_1_63' title='bbox 917 1002 1010 1070; x_wconf 88' lang='grc' dir='ltr'><strong><em>τινά.</em></strong></span> 
     </span>
     <span class='ocr_line' id='line_1_9' title="bbox 211 1105 1160 1196; baseline -0.002 -19"><span class='ocrx_word' id='word_1_64' title='bbox 211 1114 254 1177; x_wconf 78' lang='grc' dir='ltr'><strong><em>Εἰ</em></strong></span> <span class='ocrx_word' id='word_1_65' title='bbox 280 1111 343 1196; x_wconf 82' lang='grc' dir='ltr'><strong><em>μὰρ</em></strong></span> <span class='ocrx_word' id='word_1_66' title='bbox 368 1106 532 1194; x_wconf 81' lang='grc' dir='ltr'><strong><em>δυνατόν,</em></strong></span> <span class='ocrx_word' id='word_1_67' title='bbox 561 1113 643 1176; x_wconf 81' lang='grc' dir='ltr'><strong><em>ἔστω</em></strong></span> <span class='ocrx_word' id='word_1_68' title='bbox 668 1105 714 1189; x_wconf 77' lang='grc' dir='ltr'><strong><em>ἀς</em></strong></span> <span class='ocrx_word' id='word_1_69' title='bbox 737 1105 755 1175; x_wconf 94' lang='lat'><em>5</em></span> <span class='ocrx_word' id='word_1_70' title='bbox 779 1114 812 1173; x_wconf 89' lang='lat' dir='ltr'><em>A</em></span> <span class='ocrx_word' id='word_1_71' title='bbox 835 1105 923 1195; x_wconf 80' lang='grc' dir='ltr'><strong><em>πρὸς</em></strong></span> <span class='ocrx_word' id='word_1_72' title='bbox 948 1110 1014 1176; x_wconf 89' lang='grc' dir='ltr'><strong><em>τὸν</em></strong></span> <span class='ocrx_word' id='word_1_73' title='bbox 1040 1117 1086 1196; x_wconf 84' lang='grc' dir='ltr'><em>Β,</em></span> <span class='ocrx_word' id='word_1_74' title='bbox 1116 1105 1160 1176; x_wconf 75' lang='lat'><strong><em>05</em></strong></span> 
     </span>
     <span class='ocr_line' id='line_1_10' title="bbox 141 1212 1160 1302; baseline -0.002 -20"><span class='ocrx_word' id='word_1_75' title='bbox 141 1243 206 1295; x_wconf 83' lang='grc' dir='ltr'><strong><em>τως</em></strong></span> <span class='ocrx_word' id='word_1_76' title='bbox 238 1212 255 1284; x_wconf 93' lang='lat'><em>5</em></span> <span class='ocrx_word' id='word_1_77' title='bbox 285 1225 319 1283; x_wconf 91' lang='lat' dir='ltr'><em>A</em></span> <span class='ocrx_word' id='word_1_78' title='bbox 345 1213 429 1302; x_wconf 86' lang='grc' dir='ltr'><strong><em>πρὸς</em></strong></span> <span class='ocrx_word' id='word_1_79' title='bbox 455 1213 516 1283; x_wconf 88' lang='grc' dir='ltr'><strong><em>τὸν</em></strong></span> <span class='ocrx_word' id='word_1_80' title='bbox 543 1222 586 1281; x_wconf 85' lang='grc' dir='ltr'><strong><em>Ε·</em></strong></span> <span class='ocrx_word' id='word_1_81' title='bbox 619 1214 760 1293; x_wconf 79' lang='grc' dir='ltr'><strong><em>ἐναλλὰξ</em></strong></span> <span class='ocrx_word' id='word_1_82' title='bbox 788 1213 855 1301; x_wconf 86' lang='grc' dir='ltr'><strong><em>ἀρα</em></strong></span> <span class='ocrx_word' id='word_1_83' title='bbox 883 1215 981 1282; x_wconf 79' lang='grc' dir='ltr'><strong><em>ἐστὶν</em></strong></span> <span class='ocrx_word' id='word_1_84' title='bbox 1014 1213 1062 1296; x_wconf 79' lang='grc' dir='ltr'><strong><em>ὡς</em></strong></span> <span class='ocrx_word' id='word_1_85' title='bbox 1094 1213 1160 1283; x_wconf 84' lang='lat' dir='ltr'><strong><em>5A</em></strong></span> 
     </span>
     <span class='ocr_line' id='line_1_11' title="bbox 93 1319 1158 1411; baseline 0.001 -21"><span class='ocrx_word' id='word_1_86' title='bbox 93 1342 124 1390; x_wconf 90' lang='lat'><strong><em>10</em></strong></span> <span class='ocrx_word' id='word_1_87' title='bbox 144 1321 226 1409; x_wconf 82' lang='grc' dir='ltr'><strong><em>πρὸς</em></strong></span> <span class='ocrx_word' id='word_1_88' title='bbox 249 1321 309 1390; x_wconf 87' lang='grc' dir='ltr'><strong><em>τὸν</em></strong></span> <span class='ocrx_word' id='word_1_89' title='bbox 332 1329 381 1406; x_wconf 88' lang='lat' dir='ltr'><em>A,</em></span> <span class='ocrx_word' id='word_1_90' title='bbox 405 1320 423 1390; x_wconf 92' lang='lat'><em>5</em></span> <span class='ocrx_word' id='word_1_91' title='bbox 449 1330 477 1389; x_wconf 91' lang='grc' dir='ltr'><strong><em>Β</em></strong></span> <span class='ocrx_word' id='word_1_92' title='bbox 501 1319 584 1409; x_wconf 85' lang='grc' dir='ltr'><strong><em>πρὸς</em></strong></span> <span class='ocrx_word' id='word_1_93' title='bbox 607 1320 668 1388; x_wconf 90' lang='grc' dir='ltr'><strong><em>τὸν</em></strong></span> <span class='ocrx_word' id='word_1_94' title='bbox 692 1329 731 1388; x_wconf 86' lang='grc' dir='ltr'><strong><em>Ε.</em></strong></span> <span class='ocrx_word' id='word_1_95' title='bbox 776 1322 813 1388; x_wconf 79' lang='lat' dir='ltr'><strong><em>oc</em></strong></span> <span class='ocrx_word' id='word_1_96' title='bbox 833 1320 872 1388; x_wconf 69' lang='grc' dir='ltr'><strong><em>δὲ</em></strong></span> <span class='ocrx_word' id='word_1_97' title='bbox 895 1331 947 1408; x_wconf 93' lang='grc' dir='ltr'><em>Α,</em></span> <span class='ocrx_word' id='word_1_98' title='bbox 969 1331 1007 1388; x_wconf 89' lang='lat' dir='ltr'><em>A</em></span> <span class='ocrx_word' id='word_1_99' title='bbox 1031 1325 1158 1411; x_wconf 75' lang='grc' dir='ltr'><strong><em>πρῶτοι,</em></strong></span> 
     </span>
     <span class='ocr_line' id='line_1_12' title="bbox 143 1425 1160 1516; baseline -0.002 -20"><span class='ocrx_word' id='word_1_100' title='bbox 143 1433 177 1496; x_wconf 79' lang='grc' dir='ltr'><strong><em>ολ</em></strong></span> <span class='ocrx_word' id='word_1_101' title='bbox 200 1429 236 1495; x_wconf 73' lang='lat'><strong><em>55</em></strong></span> <span class='ocrx_word' id='word_1_102' title='bbox 259 1433 384 1515; x_wconf 82' lang='grc' dir='ltr'><strong><em>πρῶτοι</em></strong></span> <span class='ocrx_word' id='word_1_103' title='bbox 407 1428 463 1496; x_wconf 82' lang='grc' dir='ltr'><strong><em>καὶ</em></strong></span> <span class='ocrx_word' id='word_1_104' title='bbox 488 1426 669 1514; x_wconf 81' lang='grc' dir='ltr'><strong><em>ἐλάχιστοι,</em></strong></span> <span class='ocrx_word' id='word_1_105' title='bbox 698 1430 734 1495; x_wconf 75' lang='grc' dir='ltr'><strong><em>οῖ</em></strong></span> <span class='ocrx_word' id='word_1_106' title='bbox 760 1426 797 1495; x_wconf 73' lang='lat'><strong><em>55</em></strong></span> <span class='ocrx_word' id='word_1_107' title='bbox 822 1425 997 1514; x_wconf 78' lang='grc' dir='ltr'><strong><em>ἐλάχιστοι</em></strong></span> <span class='ocrx_word' id='word_1_108' title='bbox 1029 1426 1160 1516; x_wconf 70' lang='grc' dir='ltr'><strong><em>ἀριθμεῖ</em></strong></span> 
     </span>
     <span class='ocr_line' id='line_1_13' title="bbox 142 1532 1160 1622; baseline -0.002 -20"><span class='ocrx_word' id='word_1_109' title='bbox 142 1539 300 1622; x_wconf 85' lang='grc' dir='ltr'><strong><em>μετροῦσι</em></strong></span> <span class='ocrx_word' id='word_1_110' title='bbox 323 1534 403 1614; x_wconf 81' lang='grc' dir='ltr'><strong><em>τοὺς</em></strong></span> <span class='ocrx_word' id='word_1_111' title='bbox 426 1533 486 1612; x_wconf 85' lang='grc' dir='ltr'><strong><em>τὸν</em></strong></span> <span class='ocrx_word' id='word_1_112' title='bbox 509 1532 614 1602; x_wconf 84' lang='grc' dir='ltr'><strong><em>αὐτὸν</em></strong></span> <span class='ocrx_word' id='word_1_113' title='bbox 641 1533 747 1619; x_wconf 80' lang='grc' dir='ltr'><strong><em>λόγον</em></strong></span> <span class='ocrx_word' id='word_1_114' title='bbox 776 1539 915 1621; x_wconf 82' lang='grc' dir='ltr'><strong><em>ἔχοντας</em></strong></span> <span class='ocrx_word' id='word_1_115' title='bbox 944 1534 1063 1615; x_wconf 76' lang='grc' dir='ltr'><strong><em>ἰσάκις</em></strong></span> <span class='ocrx_word' id='word_1_116' title='bbox 1091 1532 1109 1603; x_wconf 87' lang='lat'><strong><em>5&#39;</em></strong></span> <span class='ocrx_word' id='word_1_117' title='bbox 1132 1557 1160 1600; x_wconf 87' lang='grc' dir='ltr'><strong><em>τε</em></strong></span> 
     </span>
     <span class='ocr_line' id='line_1_14' title="bbox 142 1637 1161 1729; baseline -0.001 -20"><span class='ocrx_word' id='word_1_118' title='bbox 142 1638 329 1729; x_wconf 80' lang='grc' dir='ltr'><strong><em>ἡγούμενος</em></strong></span> <span class='ocrx_word' id='word_1_119' title='bbox 360 1639 421 1710; x_wconf 84' lang='grc' dir='ltr'><strong><em>τὸν</em></strong></span> <span class='ocrx_word' id='word_1_120' title='bbox 453 1639 645 1726; x_wconf 78' lang='grc' dir='ltr'><strong><em>ἡγούμενον</em></strong></span> <span class='ocrx_word' id='word_1_121' title='bbox 672 1641 729 1708; x_wconf 83' lang='grc' dir='ltr'><strong><em>καὶ</em></strong></span> <span class='ocrx_word' id='word_1_122' title='bbox 757 1637 775 1708; x_wconf 95' lang='lat'><em>5</em></span> <span class='ocrx_word' id='word_1_123' title='bbox 806 1639 974 1726; x_wconf 77' lang='grc' dir='ltr'><strong><em>ἑπόμενος</em></strong></span> <span class='ocrx_word' id='word_1_124' title='bbox 1003 1641 1070 1710; x_wconf 92' lang='grc' dir='ltr'><strong><em>τὸν</em></strong></span> <span class='ocrx_word' id='word_1_125' title='bbox 1097 1637 1161 1708; x_wconf 84' lang='grc' dir='ltr'><strong><em>ἑπό·</em></strong></span> 
     </span>
     <span class='ocr_line' id='line_1_15' title="bbox 142 1744 1162 1835; baseline -0.002 -20"><span class='ocrx_word' id='word_1_126' title='bbox 142 1774 254 1835; x_wconf 87' lang='grc' dir='ltr'><strong><em>μενον.</em></strong></span> <span class='ocrx_word' id='word_1_127' title='bbox 300 1761 420 1834; x_wconf 77' lang='grc' dir='ltr'><strong><em>μετρεῖ</em></strong></span> <span class='ocrx_word' id='word_1_128' title='bbox 434 1745 501 1834; x_wconf 86' lang='grc' dir='ltr'><strong><em>ἀρα</em></strong></span> <span class='ocrx_word' id='word_1_129' title='bbox 530 1744 548 1815; x_wconf 90' lang='lat'><em>5</em></span> <span class='ocrx_word' id='word_1_130' title='bbox 578 1756 610 1814; x_wconf 98' lang='lat' dir='ltr'><em>A</em></span> <span class='ocrx_word' id='word_1_131' title='bbox 632 1747 693 1815; x_wconf 89' lang='grc' dir='ltr'><strong><em>τὸν</em></strong></span> <span class='ocrx_word' id='word_1_132' title='bbox 721 1754 758 1814; x_wconf 91' lang='grc' dir='ltr'><strong><em>Β.</em></strong></span> <span class='ocrx_word' id='word_1_133' title='bbox 804 1751 863 1814; x_wconf 92' lang='grc' dir='ltr'><strong><em>καί</em></strong></span> <span class='ocrx_word' id='word_1_134' title='bbox 889 1749 982 1814; x_wconf 83' lang='grc' dir='ltr'><strong><em>ἐστιν</em></strong></span> <span class='ocrx_word' id='word_1_135' title='bbox 1019 1745 1067 1829; x_wconf 77' lang='grc' dir='ltr'><strong><em>ὡς</em></strong></span> <span class='ocrx_word' id='word_1_136' title='bbox 1094 1753 1162 1815; x_wconf 84' lang='grc' dir='ltr'><strong><em>οΑ</em></strong></span> 
     </span>
     <span class='ocr_line' id='line_1_16' title="bbox 90 1850 1165 1940; baseline -0.001 -19"><span class='ocrx_word' id='word_1_137' title='bbox 90 1883 122 1930; x_wconf 81' lang='lat'><strong><em>15</em></strong></span> <span class='ocrx_word' id='word_1_138' title='bbox 142 1853 226 1940; x_wconf 87' lang='grc' dir='ltr'><strong><em>πρὸς</em></strong></span> <span class='ocrx_word' id='word_1_139' title='bbox 252 1853 313 1921; x_wconf 84' lang='grc' dir='ltr'><strong><em>τὸν</em></strong></span> <span class='ocrx_word' id='word_1_140' title='bbox 337 1862 381 1940; x_wconf 90' lang='grc' dir='ltr'><em>Β,</em></span> <span class='ocrx_word' id='word_1_141' title='bbox 411 1850 428 1921; x_wconf 94' lang='lat'><em>5</em></span> <span class='ocrx_word' id='word_1_142' title='bbox 453 1861 481 1921; x_wconf 88' lang='grc' dir='ltr'>Β</span> <span class='ocrx_word' id='word_1_143' title='bbox 505 1851 588 1940; x_wconf 79' lang='grc' dir='ltr'><strong><em>πρὸς</em></strong></span> <span class='ocrx_word' id='word_1_144' title='bbox 611 1852 671 1923; x_wconf 89' lang='grc' dir='ltr'><strong><em>τὸν</em></strong></span> <span class='ocrx_word' id='word_1_145' title='bbox 694 1860 730 1922; x_wconf 89' lang='grc' dir='ltr'><strong><em>Γ.</em></strong></span> <span class='ocrx_word' id='word_1_146' title='bbox 771 1854 827 1921; x_wconf 84' lang='grc' dir='ltr'><strong><em>καλ</em></strong></span> <span class='ocrx_word' id='word_1_147' title='bbox 855 1850 874 1921; x_wconf 93' lang='lat'><em>5</em></span> <span class='ocrx_word' id='word_1_148' title='bbox 899 1860 930 1920; x_wconf 91' lang='grc' dir='ltr'><strong><em>Β</em></strong></span> <span class='ocrx_word' id='word_1_149' title='bbox 954 1852 1029 1939; x_wconf 81' lang='grc' dir='ltr'><strong><em>ἀρα</em></strong></span> <span class='ocrx_word' id='word_1_150' title='bbox 1058 1853 1165 1924; x_wconf 87' lang='grc' dir='ltr'><strong><em>τὸνΓ</em></strong></span> 
     </span>
     <span class='ocr_line' id='line_1_17' title="bbox 143 1958 1162 2049; baseline -0.001 -21"><span class='ocrx_word' id='word_1_151' title='bbox 143 1974 265 2049; x_wconf 85' lang='grc' dir='ltr'><strong><em>μετρεῖ·</em></strong></span> <span class='ocrx_word' id='word_1_152' title='bbox 295 1959 379 2028; x_wconf 75' lang='grc' dir='ltr'><strong><em>ὥστε</em></strong></span> <span class='ocrx_word' id='word_1_153' title='bbox 407 1959 463 2026; x_wconf 83' lang='grc' dir='ltr'><strong><em>καὶ</em></strong></span> <span class='ocrx_word' id='word_1_154' title='bbox 492 1958 510 2027; x_wconf 92' lang='lat'><em>5</em></span> <span class='ocrx_word' id='word_1_155' title='bbox 534 1969 566 2027; x_wconf 89' lang='lat' dir='ltr'><em>A</em></span> <span class='ocrx_word' id='word_1_156' title='bbox 589 1986 650 2028; x_wconf 92' lang='grc' dir='ltr'><strong><em>τον</em></strong></span> <span class='ocrx_word' id='word_1_157' title='bbox 673 1966 706 2027; x_wconf 93' lang='grc' dir='ltr'><strong><em>Γ</em></strong></span> <span class='ocrx_word' id='word_1_158' title='bbox 731 1973 848 2047; x_wconf 87' lang='grc' dir='ltr'><strong><em>μετρεῖ.</em></strong></span> <span class='ocrx_word' id='word_1_159' title='bbox 894 1959 953 2026; x_wconf 83' lang='grc' dir='ltr'><strong><em>καὶ</em></strong></span> <span class='ocrx_word' id='word_1_160' title='bbox 978 1962 1060 2029; x_wconf 81' lang='grc' dir='ltr'><strong><em>ἐπεί</em></strong></span> <span class='ocrx_word' id='word_1_161' title='bbox 1082 1965 1162 2030; x_wconf 83' lang='grc' dir='ltr'><strong><em>ἐστιν</em></strong></span> 
     </span>
     <span class='ocr_line' id='line_1_18' title="bbox 143 2061 1163 2156; baseline -0.004 -20"><span class='ocrx_word' id='word_1_162' title='bbox 143 2065 187 2147; x_wconf 81' lang='grc' dir='ltr'><strong><em>ὡς</em></strong></span> <span class='ocrx_word' id='word_1_163' title='bbox 216 2065 234 2136; x_wconf 91' lang='lat'><em>5</em></span> <span class='ocrx_word' id='word_1_164' title='bbox 262 2075 291 2135; x_wconf 92' lang='grc' dir='ltr'><strong><em>Β</em></strong></span> <span class='ocrx_word' id='word_1_165' title='bbox 319 2092 403 2156; x_wconf 86' lang='grc' dir='ltr'><strong><em>προς</em></strong></span> <span class='ocrx_word' id='word_1_166' title='bbox 430 2092 491 2134; x_wconf 95' lang='grc' dir='ltr'><strong><em>τον</em></strong></span> <span class='ocrx_word' id='word_1_167' title='bbox 514 2072 556 2153; x_wconf 92' lang='grc' dir='ltr'><em>Γ,</em></span> <span class='ocrx_word' id='word_1_168' title='bbox 584 2064 601 2134; x_wconf 91' lang='lat'><em>5</em></span> <span class='ocrx_word' id='word_1_169' title='bbox 626 2072 659 2133; x_wconf 93' lang='grc' dir='ltr'><strong><em>Γ</em></strong></span> <span class='ocrx_word' id='word_1_170' title='bbox 681 2090 765 2153; x_wconf 82' lang='grc' dir='ltr'><strong><em>προς</em></strong></span> <span class='ocrx_word' id='word_1_171' title='bbox 787 2092 848 2133; x_wconf 93' lang='grc' dir='ltr'><strong><em>τον</em></strong></span> <span class='ocrx_word' id='word_1_172' title='bbox 872 2073 920 2151; x_wconf 89' lang='grc' dir='ltr'><em>Δ,</em></span> <span class='ocrx_word' id='word_1_173' title='bbox 945 2081 1071 2153; x_wconf 79' lang='grc' dir='ltr'><strong><em>μετρεῖ</em></strong></span> <span class='ocrx_word' id='word_1_174' title='bbox 1092 2061 1163 2134; x_wconf 77' lang='lat'><strong><em>555</em></strong></span> 
     </span>
     <span class='ocr_line' id='line_1_19' title="bbox 142 2171 1164 2260; baseline -0.001 -19"><span class='ocrx_word' id='word_1_175' title='bbox 142 2182 170 2241; x_wconf 94' lang='grc' dir='ltr'><em>Β</em></span> <span class='ocrx_word' id='word_1_176' title='bbox 199 2202 259 2241; x_wconf 89' lang='grc' dir='ltr'><strong><em>τον</em></strong></span> <span class='ocrx_word' id='word_1_177' title='bbox 289 2180 332 2259; x_wconf 89' lang='grc' dir='ltr'><strong><em>Γ,</em></strong></span> <span class='ocrx_word' id='word_1_178' title='bbox 366 2186 478 2260; x_wconf 77' lang='grc' dir='ltr'><strong><em>μετρεῖ</em></strong></span> <span class='ocrx_word' id='word_1_179' title='bbox 509 2171 575 2259; x_wconf 82' lang='grc' dir='ltr'><strong><em>ἀρα</em></strong></span> <span class='ocrx_word' id='word_1_180' title='bbox 603 2174 657 2239; x_wconf 83' lang='grc' dir='ltr'><strong><em>καὶ</em></strong></span> <span class='ocrx_word' id='word_1_181' title='bbox 687 2171 704 2240; x_wconf 92' lang='lat'><em>5</em></span> <span class='ocrx_word' id='word_1_182' title='bbox 738 2179 770 2241; x_wconf 99' lang='grc' dir='ltr'><em>Γ</em></span> <span class='ocrx_word' id='word_1_183' title='bbox 796 2175 857 2241; x_wconf 88' lang='grc' dir='ltr'><strong><em>τὸν</em></strong></span> <span class='ocrx_word' id='word_1_184' title='bbox 890 2180 933 2239; x_wconf 90' lang='grc' dir='ltr'><strong><em>Δ.</em></strong></span> <span class='ocrx_word' id='word_1_185' title='bbox 977 2171 1061 2241; x_wconf 90' lang='grc' dir='ltr'><strong><em>ἀλλ’</em></strong></span> <span class='ocrx_word' id='word_1_186' title='bbox 1093 2174 1110 2242; x_wconf 93' lang='lat'><em>5</em></span> <span class='ocrx_word' id='word_1_187' title='bbox 1138 2179 1164 2240; x_wconf 87' lang='lat' dir='ltr'><em>A</em></span> 
     </span>
     <span class='ocr_line' id='line_1_20' title="bbox 142 2276 1165 2369; baseline 0.001 -24"><span class='ocrx_word' id='word_1_188' title='bbox 142 2306 202 2348; x_wconf 90' lang='grc' dir='ltr'><strong><em>τον</em></strong></span> <span class='ocrx_word' id='word_1_189' title='bbox 226 2286 258 2347; x_wconf 97' lang='grc' dir='ltr'><em>Γ</em></span> <span class='ocrx_word' id='word_1_190' title='bbox 278 2281 416 2366; x_wconf 80' lang='grc' dir='ltr'><strong><em>ἑμέτρει’</em></strong></span> <span class='ocrx_word' id='word_1_191' title='bbox 447 2276 530 2346; x_wconf 73' lang='grc' dir='ltr'><strong><em>ὥστε</em></strong></span> <span class='ocrx_word' id='word_1_192' title='bbox 555 2277 572 2347; x_wconf 94' lang='lat'><em>5</em></span> <span class='ocrx_word' id='word_1_193' title='bbox 597 2290 628 2345; x_wconf 93' lang='lat' dir='ltr'><em>A</em></span> <span class='ocrx_word' id='word_1_194' title='bbox 655 2280 711 2346; x_wconf 83' lang='grc' dir='ltr'><strong><em>καὶ</em></strong></span> <span class='ocrx_word' id='word_1_195' title='bbox 734 2283 795 2347; x_wconf 85' lang='grc' dir='ltr'><strong><em>τὸν</em></strong></span> <span class='ocrx_word' id='word_1_196' title='bbox 820 2286 852 2345; x_wconf 94' lang='lat' dir='ltr'><em>A</em></span> <span class='ocrx_word' id='word_1_197' title='bbox 880 2292 1005 2366; x_wconf 79' lang='grc' dir='ltr'><strong><em>μετρεῖ.</em></strong></span> <span class='ocrx_word' id='word_1_198' title='bbox 1058 2291 1165 2369; x_wconf 83' lang='grc' dir='ltr'><strong><em>μετρεῖ</em></strong></span> 
     </span>
     <span class='ocr_line' id='line_1_21' title="bbox 89 2383 1166 2475; baseline 0.001 -22"><span class='ocrx_word' id='word_1_199' title='bbox 89 2413 122 2460; x_wconf 78' lang='lat'><strong><em>20</em></strong></span> <span class='ocrx_word' id='word_1_200' title='bbox 143 2386 179 2453; x_wconf 72' lang='grc' dir='ltr'><strong><em>δὲ</em></strong></span> <span class='ocrx_word' id='word_1_201' title='bbox 202 2386 257 2451; x_wconf 82' lang='grc' dir='ltr'><strong><em>καὶ</em></strong></span> <span class='ocrx_word' id='word_1_202' title='bbox 282 2385 412 2452; x_wconf 82' lang='grc' dir='ltr'><strong><em>ἑαυτόν.</em></strong></span> <span class='ocrx_word' id='word_1_203' title='bbox 454 2384 528 2451; x_wconf 90' lang='lat' dir='ltr'><strong><em>5A</em></strong></span> <span class='ocrx_word' id='word_1_204' title='bbox 552 2383 618 2470; x_wconf 82' lang='grc' dir='ltr'><strong><em>ἀρα</em></strong></span> <span class='ocrx_word' id='word_1_205' title='bbox 641 2388 720 2464; x_wconf 79' lang='grc' dir='ltr'><strong><em>τοὺς</em></strong></span> <span class='ocrx_word' id='word_1_206' title='bbox 744 2393 789 2471; x_wconf 89' lang='lat' dir='ltr'><em>A,</em></span> <span class='ocrx_word' id='word_1_207' title='bbox 810 2393 842 2451; x_wconf 93' lang='lat' dir='ltr'><em>A</em></span> <span class='ocrx_word' id='word_1_208' title='bbox 866 2398 981 2472; x_wconf 91' lang='grc' dir='ltr'><strong><em>μετρεῖ</em></strong></span> <span class='ocrx_word' id='word_1_209' title='bbox 1012 2387 1166 2475; x_wconf 80' lang='grc' dir='ltr'><strong><em>πρώτους</em></strong></span> 
     </span>
     <span class='ocr_line' id='line_1_22' title="bbox 143 2489 1167 2581; baseline 0.001 -22"><span class='ocrx_word' id='word_1_210' title='bbox 143 2491 243 2570; x_wconf 79' lang='grc' dir='ltr'><strong><em>ὄντας</em></strong></span> <span class='ocrx_word' id='word_1_211' title='bbox 265 2516 349 2580; x_wconf 85' lang='grc' dir='ltr'><strong><em>προς</em></strong></span> <span class='ocrx_word' id='word_1_212' title='bbox 373 2489 554 2578; x_wconf 79' lang='grc' dir='ltr'><strong><em>ἀλλήλους·</em></strong></span> <span class='ocrx_word' id='word_1_213' title='bbox 579 2490 660 2579; x_wconf 81' lang='grc' dir='ltr'><strong><em>ὅπερ</em></strong></span> <span class='ocrx_word' id='word_1_214' title='bbox 680 2492 771 2559; x_wconf 81' lang='grc' dir='ltr'><strong><em>ἐστὶν</em></strong></span> <span class='ocrx_word' id='word_1_215' title='bbox 794 2489 975 2559; x_wconf 76' lang='grc' dir='ltr'><strong><em>ἀδύνατον.</em></strong></span> <span class='ocrx_word' id='word_1_216' title='bbox 1019 2493 1088 2576; x_wconf 80' lang='grc' dir='ltr'><strong><em>οὐκ</em></strong></span> <span class='ocrx_word' id='word_1_217' title='bbox 1107 2493 1167 2581; x_wconf 87' lang='grc' dir='ltr'><strong><em>ἀρα</em></strong></span> 
     </span>
     <span class='ocr_line' id='line_1_23' title="bbox 143 2594 1168 2685; baseline 0.005 -21"><span class='ocrx_word' id='word_1_218' title='bbox 143 2603 233 2664; x_wconf 81' lang='grc' dir='ltr'><strong><em>ἔσται</em></strong></span> <span class='ocrx_word' id='word_1_219' title='bbox 262 2596 306 2677; x_wconf 79' lang='grc' dir='ltr'><strong><em>ὡς</em></strong></span> <span class='ocrx_word' id='word_1_220' title='bbox 335 2596 352 2665; x_wconf 91' lang='lat'><em>5</em></span> <span class='ocrx_word' id='word_1_221' title='bbox 381 2607 414 2666; x_wconf 93' lang='lat' dir='ltr'><em>A</em></span> <span class='ocrx_word' id='word_1_222' title='bbox 440 2601 524 2685; x_wconf 81' lang='grc' dir='ltr'><strong><em>πρὸς</em></strong></span> <span class='ocrx_word' id='word_1_223' title='bbox 552 2602 611 2665; x_wconf 84' lang='grc' dir='ltr'><strong><em>τὸν</em></strong></span> <span class='ocrx_word' id='word_1_224' title='bbox 640 2606 684 2684; x_wconf 93' lang='grc' dir='ltr'><em>Β,</em></span> <span class='ocrx_word' id='word_1_225' title='bbox 714 2596 820 2675; x_wconf 79' lang='grc' dir='ltr'><strong><em>οὕτως</em></strong></span> <span class='ocrx_word' id='word_1_226' title='bbox 847 2594 864 2663; x_wconf 91' lang='lat'><em>5</em></span> <span class='ocrx_word' id='word_1_227' title='bbox 890 2604 922 2661; x_wconf 92' lang='lat' dir='ltr'><em>A</em></span> <span class='ocrx_word' id='word_1_228' title='bbox 948 2621 1041 2684; x_wconf 82' lang='grc' dir='ltr'><strong><em>προς</em></strong></span> <span class='ocrx_word' id='word_1_229' title='bbox 1066 2600 1168 2668; x_wconf 86' lang='grc' dir='ltr'><strong><em>ἀλλον</em></strong></span> 
     </span>
     <span class='ocr_line' id='line_1_24' title="bbox 142 2703 565 2791; baseline 0.005 -21"><span class='ocrx_word' id='word_1_230' title='bbox 142 2707 229 2771; x_wconf 86' lang='grc' dir='ltr'><strong><em>τινά·</em></strong></span> <span class='ocrx_word' id='word_1_231' title='bbox 255 2703 335 2791; x_wconf 84' lang='grc' dir='ltr'><strong><em>ὅπερ</em></strong></span> <span class='ocrx_word' id='word_1_232' title='bbox 360 2711 427 2774; x_wconf 75' lang='grc' dir='ltr'><strong><em>ἔδει</em></strong></span> <span class='ocrx_word' id='word_1_233' title='bbox 452 2707 565 2785; x_wconf 75' lang='grc' dir='ltr'><strong><em>δεῖξαι.</em></strong></span> 
     </span>
    </p>
   </div>
   <div class='ocr_carea' id='block_1_3' title="bbox 90 2927 1172 3114">
    <p class='ocr_par' dir='ltr' id='par_1_3' title="bbox 90 2927 1172 3114">
     <span class='ocr_line' id='line_1_25' title="bbox 624 2927 681 2986; baseline 0.053 -20"><span class='ocrx_word' id='word_1_234' title='bbox 624 2927 681 2986; x_wconf 81' lang='grc' dir='ltr'><strong><em>ιη.</em></strong></span> 
     </span>
     <span class='ocr_line' id='line_1_26' title="bbox 90 3023 1172 3114; baseline -0.003 -18"><span class='ocrx_word' id='word_1_235' title='bbox 90 3050 122 3096; x_wconf 80' lang='lat'><strong><em>25</em></strong></span> <span class='ocrx_word' id='word_1_236' title='bbox 210 3024 294 3092; x_wconf 80' lang='grc' dir='ltr'><strong><em>Δύο</em></strong></span> <span class='ocrx_word' id='word_1_237' title='bbox 327 3023 511 3111; x_wconf 79' lang='grc' dir='ltr'><strong><em>ἀριθμῶν</em></strong></span> <span class='ocrx_word' id='word_1_238' title='bbox 545 3026 750 3091; x_wconf 76' lang='grc' dir='ltr'><strong><em>δοθέντων</em></strong></span> <span class='ocrx_word' id='word_1_239' title='bbox 784 3024 1102 3114; x_wconf 78' lang='grc' dir='ltr'><strong><em>ἐπισκέψασθαι,</em></strong></span> <span class='ocrx_word' id='word_1_240' title='bbox 1139 3032 1172 3095; x_wconf 80' lang='grc' dir='ltr'><strong><em>εἰ</em></strong></span> 
     </span>
    </p>
   </div>
   <div class='ocr_carea' id='block_1_4' title="bbox 141 3197 1169 3627">
    <p class='ocr_par' dir='ltr' id='par_1_4' title="bbox 141 3197 1169 3627">
     <span class='ocr_line' id='line_1_27' title="bbox 215 3197 1168 3276; baseline 0.003 -21"><span class='ocrx_word' id='word_1_241' title='bbox 215 3209 240 3255; x_wconf 80' lang='lat'><strong><em>5.</em></strong></span> <span class='ocrx_word' id='word_1_242' title='bbox 260 3203 301 3272; x_wconf 89' lang='lat' dir='ltr'><em>A]</em></span> <span class='ocrx_word' id='word_1_243' title='bbox 328 3203 399 3271; x_wconf 77' lang='lat' dir='ltr'>(alt.)</span> <span class='ocrx_word' id='word_1_244' title='bbox 424 3219 493 3255; x_wconf 77' lang='lat' dir='ltr'>corr.</span> <span class='ocrx_word' id='word_1_245' title='bbox 514 3218 547 3255; x_wconf 84' lang='lat' dir='ltr'><strong><em>ex</em></strong></span> <span class='ocrx_word' id='word_1_246' title='bbox 566 3206 587 3254; x_wconf 94' lang='grc' dir='ltr'><em>Β</em></span> <span class='ocrx_word' id='word_1_247' title='bbox 606 3201 637 3253; x_wconf 83' lang='lat' dir='ltr'><strong><em>F.</em></strong></span> <span class='ocrx_word' id='word_1_248' title='bbox 720 3206 743 3254; x_wconf 87' lang='grc'><strong><em>8.</em></strong></span> <span class='ocrx_word' id='word_1_249' title='bbox 763 3197 825 3270; x_wconf 86' lang='grc' dir='ltr'><strong><em>τόν]</em></strong></span> <span class='ocrx_word' id='word_1_250' title='bbox 846 3218 899 3253; x_wconf 90' lang='lat' dir='ltr'><strong><em>om.</em></strong></span> <span class='ocrx_word' id='word_1_251' title='bbox 918 3199 950 3254; x_wconf 80' lang='lat' dir='ltr'><strong><em>F.</em></strong></span> <span class='ocrx_word' id='word_1_252' title='bbox 1032 3210 1059 3259; x_wconf 89' lang='lat'><strong><em>9.</em></strong></span> <span class='ocrx_word' id='word_1_253' title='bbox 1082 3202 1168 3276; x_wconf 74' lang='grc' dir='ltr'><strong><em>ἐστίν]</em></strong></span> 
     </span>
     <span class='ocr_line' id='line_1_28' title="bbox 143 3266 1167 3342; baseline -0.001 -16"><span class='ocrx_word' id='word_1_254' title='bbox 143 3290 195 3327; x_wconf 90' lang='lat' dir='ltr'><strong><em>om.</em></strong></span> <span class='ocrx_word' id='word_1_255' title='bbox 216 3273 248 3327; x_wconf 93' lang='lat' dir='ltr'><strong><em>V.</em></strong></span> <span class='ocrx_word' id='word_1_256' title='bbox 315 3279 355 3326; x_wconf 91' lang='lat'><strong><em>11.</em></strong></span> <span class='ocrx_word' id='word_1_257' title='bbox 376 3269 498 3342; x_wconf 72' lang='grc' dir='ltr'><strong><em>ἀριθμοί</em></strong></span> <span class='ocrx_word' id='word_1_258' title='bbox 531 3291 585 3327; x_wconf 89' lang='lat' dir='ltr'><strong><em>om.</em></strong></span> <span class='ocrx_word' id='word_1_259' title='bbox 606 3273 639 3327; x_wconf 91' lang='lat' dir='ltr'><strong><em>V.</em></strong></span> <span class='ocrx_word' id='word_1_260' title='bbox 705 3278 745 3326; x_wconf 76' lang='lat'><strong><em>12.</em></strong></span> <span class='ocrx_word' id='word_1_261' title='bbox 768 3269 883 3340; x_wconf 71' lang='grc' dir='ltr'><strong><em>ἔχοντας</em></strong></span> <span class='ocrx_word' id='word_1_262' title='bbox 903 3266 1004 3333; x_wconf 75' lang='grc' dir='ltr'><strong><em>αὐτοῖς</em></strong></span> <span class='ocrx_word' id='word_1_263' title='bbox 1025 3275 1063 3330; x_wconf 82' lang='lat' dir='ltr'><strong><em>V.</em></strong></span> <span class='ocrx_word' id='word_1_264' title='bbox 1128 3283 1167 3330; x_wconf 82' lang='lat'><strong><em>15.</em></strong></span> 
     </span>
     <span class='ocr_line' id='line_1_29' title="bbox 142 3338 1169 3414; baseline 0.003 -19"><span class='ocrx_word' id='word_1_265' title='bbox 142 3344 349 3414; x_wconf 73' lang='lat' dir='ltr'><strong><em>nal]m.2F.</em></strong></span> <span class='ocrx_word' id='word_1_266' title='bbox 411 3341 494 3398; x_wconf 81' lang='grc' dir='ltr'><strong><em>16.Α</em></strong></span> <span class='ocrx_word' id='word_1_267' title='bbox 532 3360 634 3398; x_wconf 84' lang='lat' dir='ltr'>ecorr.</span> <span class='ocrx_word' id='word_1_268' title='bbox 657 3344 690 3398; x_wconf 80' lang='lat' dir='ltr'><strong><em>V.</em></strong></span> <span class='ocrx_word' id='word_1_269' title='bbox 753 3349 793 3397; x_wconf 77' lang='lat'><strong><em>17.</em></strong></span> <span class='ocrx_word' id='word_1_270' title='bbox 814 3338 846 3412; x_wconf 78' lang='grc' dir='ltr'><strong><em>ὁ]</em></strong></span> <span class='ocrx_word' id='word_1_271' title='bbox 867 3345 955 3410; x_wconf 68' lang='lat' dir='ltr'>(terh.)</span> <span class='ocrx_word' id='word_1_272' title='bbox 975 3340 1008 3396; x_wconf 86' lang='grc' dir='ltr'><strong><em>τό</em></strong></span> <span class='ocrx_word' id='word_1_273' title='bbox 1032 3365 1066 3413; x_wconf 82' lang='grc' dir='ltr'><strong><em>φ,</em></strong></span> <span class='ocrx_word' id='word_1_274' title='bbox 1130 3354 1169 3401; x_wconf 83' lang='lat'><strong><em>19.</em></strong></span> 
     </span>
     <span class='ocr_line' id='line_1_30' title="bbox 142 3410 1166 3485; baseline 0.003 -17"><span class='ocrx_word' id='word_1_275' title='bbox 142 3411 268 3485; x_wconf 78' lang='grc' dir='ltr'><strong><em>ἐμέτρει]</em></strong></span> <span class='ocrx_word' id='word_1_276' title='bbox 289 3415 322 3482; x_wconf 86' lang='grc' dir='ltr'><em>Ρ,</em></span> <span class='ocrx_word' id='word_1_277' title='bbox 343 3422 441 3483; x_wconf 81' lang='grc' dir='ltr'><strong><em>μετρεῖ</em></strong></span> <span class='ocrx_word' id='word_1_278' title='bbox 455 3414 552 3469; x_wconf 84' lang='lat' dir='ltr'>Theon</span> <span class='ocrx_word' id='word_1_279' title='bbox 572 3415 704 3483; x_wconf 79' lang='lat' dir='ltr'>(BFVq).</span> <span class='ocrx_word' id='word_1_280' title='bbox 742 3414 849 3467; x_wconf 80' lang='lat' dir='ltr'>Deinde</span> <span class='ocrx_word' id='word_1_281' title='bbox 868 3413 931 3467; x_wconf 79' lang='lat' dir='ltr'>add.</span> <span class='ocrx_word' id='word_1_282' title='bbox 952 3414 990 3467; x_wconf 86' lang='lat' dir='ltr'><strong><em>B:</em></strong></span> <span class='ocrx_word' id='word_1_283' title='bbox 1011 3410 1089 3473; x_wconf 72' lang='grc' dir='ltr'><strong><em>ὥστε</em></strong></span> <span class='ocrx_word' id='word_1_284' title='bbox 1111 3415 1127 3472; x_wconf 88' lang='lat'><em>5</em></span> <span class='ocrx_word' id='word_1_285' title='bbox 1147 3423 1166 3471; x_wconf 82' lang='lat' dir='ltr'><em>A</em></span> 
     </span>
     <span class='ocr_line' id='line_1_31' title="bbox 141 3480 1166 3558; baseline 0.005 -22"><span class='ocrx_word' id='word_1_286' title='bbox 141 3483 190 3537; x_wconf 86' lang='grc' dir='ltr'><strong><em>τὸν</em></strong></span> <span class='ocrx_word' id='word_1_287' title='bbox 219 3490 244 3537; x_wconf 88' lang='grc' dir='ltr'><em>Γ</em></span> <span class='ocrx_word' id='word_1_288' title='bbox 265 3492 372 3554; x_wconf 80' lang='grc' dir='ltr'><strong><em>μετρεῖ,</em></strong></span> <span class='ocrx_word' id='word_1_289' title='bbox 398 3487 447 3539; x_wconf 79' lang='lat' dir='ltr'><strong><em>sed</em></strong></span> <span class='ocrx_word' id='word_1_290' title='bbox 470 3487 523 3540; x_wconf 81' lang='lat' dir='ltr'>del.</span> <span class='ocrx_word' id='word_1_291' title='bbox 549 3505 585 3539; x_wconf 88' lang='lat' dir='ltr'><strong><em>m.</em></strong></span> <span class='ocrx_word' id='word_1_292' title='bbox 607 3493 629 3541; x_wconf 92' lang='lat'><strong><em>1.</em></strong></span> <span class='ocrx_word' id='word_1_293' title='bbox 704 3480 760 3538; x_wconf 90' lang='lat' dir='ltr'><strong><em>5A</em></strong></span> <span class='ocrx_word' id='word_1_294' title='bbox 780 3485 841 3555; x_wconf 73' lang='lat' dir='ltr'><strong><em>uon]</em></strong></span> <span class='ocrx_word' id='word_1_295' title='bbox 861 3485 910 3538; x_wconf 80' lang='grc' dir='ltr'><strong><em>καλ</em></strong></span> <span class='ocrx_word' id='word_1_296' title='bbox 930 3481 945 3537; x_wconf 93' lang='lat'><em>5</em></span> <span class='ocrx_word' id='word_1_297' title='bbox 966 3492 988 3538; x_wconf 92' lang='lat' dir='ltr'><em>A</em></span> <span class='ocrx_word' id='word_1_298' title='bbox 1003 3486 1043 3554; x_wconf 81' lang='lat' dir='ltr'><strong><em>F3</em></strong></span> <span class='ocrx_word' id='word_1_299' title='bbox 1066 3486 1166 3558; x_wconf 86' lang='lat' dir='ltr'><strong><em>5Aq.</em></strong></span> 
     </span>
     <span class='ocr_line' id='line_1_32' title="bbox 142 3556 885 3627; baseline 0.001 -18"><span class='ocrx_word' id='word_1_300' title='bbox 142 3556 254 3625; x_wconf 87' lang='grc' dir='ltr'><strong><em>μετρεῖ]</em></strong></span> <span class='ocrx_word' id='word_1_301' title='bbox 275 3556 372 3625; x_wconf 81' lang='lat' dir='ltr'>(prius)</span> <span class='ocrx_word' id='word_1_302' title='bbox 392 3574 446 3611; x_wconf 89' lang='lat' dir='ltr'><strong><em>om.</em></strong></span> <span class='ocrx_word' id='word_1_303' title='bbox 465 3558 495 3614; x_wconf 85' lang='lat' dir='ltr'><strong><em>F.</em></strong></span> <span class='ocrx_word' id='word_1_304' title='bbox 560 3563 603 3612; x_wconf 78' lang='lat'><strong><em>22.</em></strong></span> <span class='ocrx_word' id='word_1_305' title='bbox 624 3557 667 3627; x_wconf 91' lang='lat' dir='ltr'><em>A]</em></span> <span class='ocrx_word' id='word_1_306' title='bbox 687 3560 738 3623; x_wconf 85' lang='grc' dir='ltr'><strong><em>Βφ</em></strong></span> <span class='ocrx_word' id='word_1_307' title='bbox 759 3558 825 3626; x_wconf 88' lang='lat' dir='ltr'>(non</span> <span class='ocrx_word' id='word_1_308' title='bbox 844 3556 885 3623; x_wconf 79' lang='grc' dir='ltr'><strong><em>Β).</em></strong></span> 
     </span>
    </p>
   </div>
   <div class='ocr_carea' id='block_1_5' title="bbox 0 0 1262 4012">
    <p class='ocr_par' dir='ltr' id='par_1_5' title="bbox 0 0 1262 4012">
     <span class='ocr_line' id='line_1_33' title="bbox 0 0 1262 4012; baseline 0 0"><span class='ocrx_word' id='word_1_309' title='bbox 0 0 1262 4012; x_wconf 95' lang='lat' dir='ltr'><strong><em> </em></strong></span> 
     </span>
    </p>
   </div>
  </div>
 </body>
</html>
