2514 4012
552 814 616 891 IV.

452 986 726 1055 Definiticnss.

149 1111 177 1175 1.
200 1108 323 1196 Figura
344 1111 512 1179 rectilinea
529 1113 565 1178 in
582 1115 722 1200 figuram
739 1113 941 1179 rectilineum
960 1111 1093 1178 inscribi

124 1216 211 1301 itur,
241 1240 315 1285 cum
338 1218 460 1306 singuli
482 1219 594 1307 anguli
616 1223 741 1307 figurae
763 1219 940 1304 inscriptae
964 1219 1094 1306 singula

124 1344 184 1388 era
206 1324 285 1412 eius,
307 1325 343 1391 in
364 1348 463 1413 quam
485 1327 682 1413 inscribitur,
704 1329 853 1413 tergunt

145 1430 176 1496 2.
201 1427 357 1500 Similiter
378 1433 485 1520 figura
507 1433 627 1500 circum
648 1435 787 1519 figuram
806 1432 1027 1499 circumscribi
1047 1431 1093 1498 di·

124 1556 176 1622 ur,
203 1558 278 1604 cum
301 1538 431 1626 singula
452 1540 557 1607 latera
580 1541 841 1624 circumscriptas
863 1539 1011 1625 singulos
1035 1562 1093 1605 an-

123 1643 179 1709 los
202 1643 280 1730 sius,
303 1646 424 1713 circum
447 1668 545 1733 quam
567 1646 850 1731 circumscribitur,
872 1648 1022 1733 tangunt.

145 1748 177 1816 Β.
208 1748 331 1839 Figura
361 1753 531 1819 rectilinea
558 1753 592 1819 in
620 1755 776 1820 circulum
803 1751 935 1818 inscribi
967 1752 1093 1838 dicitur,

122 1877 154 1921 m
173 1855 295 1943 singuli
313 1858 426 1944 anguli
443 1859 619 1946 inscriptae
638 1860 796 1925 ambitum
816 1859 929 1925 circuli
943 1862 1093 1946 tangunt.

145 1962 176 2029 ‘t
198 1961 319 2050 Figura
337 1968 448 2032 autem
465 1967 633 2033 rectilinea
651 1967 772 2033 circum
785 1965 942 2032 circulum
958 1967 1093 2032 circum-

121 2068 178 2134 ribi
201 2068 332 2156 dicitur,
363 2094 436 2138 cum
460 2073 589 2159 singula
611 2075 716 2140 latera
739 2073 1003 2157 circumscriptae
1027 2096 1093 2139 am·

120 2182 184 2240 'mm
206 2176 319 2242 circuli
342 2178 547 2265 contingimt

145 2281 176 2348 5.
200 2280 356 2348 Similiter
379 2290 488 2351 autem
512 2287 649 2352 circulus
672 2287 707 2351 in
729 2286 867 2371 figuram
890 2286 1026 2353 inscribi
1046 2287 1092 2351 di-

118 2411 171 2474 mr,
190 2411 263 2454 cum
282 2391 426 2458 ambitus
445 2393 555 2458 circuli
576 2393 705 2477 singula
724 2394 828 2458 latera
842 2392 919 2476 eius,
938 2393 974 2457 in
994 2416 1092 2479 quam

117 2495 276 2582 scribitur,
298 2499 416 2584 tangit.

145 2603 175 2669 6.
200 2601 347 2669 Oirculus
372 2607 481 2670 autem
505 2606 624 2671 circum
647 2606 787 2692 figuram
810 2605 1030 2671 circumscribi
1049 2606 1092 2670 di·

115 2732 176 2794 mr,
199 2730 272 2775 cum
296 2711 439 2776 ambitus
463 2713 576 2777 circuli
599 2714 746 2798 singulos
771 2714 907 2799 angulos
931 2713 1009 2794 eius,
1032 2713 1092 2776 cir·

114 2838 153 2880 .m
177 2839 275 2902 quam
299 2818 583 2904 circumscribitur,
606 2821 721 2904 tangit.

148 3062 209 3117 Dei.
227 3070 250 3120 1.
270 3062 385 3119 Boetius
402 3082 429 3133 p.
446 3070 558 3134 379,19.
632 3071 657 3120 2.
676 3064 792 3121 Boetius
810 3082 836 3133 p.
852 3069 965 3132 tucri.

111 3276 145 3315 cs.
165 3260 194 3315 F.
280 3267 320 3314 11.
342 3257 622 3332 ἐπιγραφομένουΡ.
702 3267 743 3316 15.
765 3256 938 3330 ἐφάπτηται]
958 3256 1077 3346 Βρ;ἒφ
1079 3292 1091 3302 -

111 3325 885 3419 :31srctrP'‘curmchV.17.dt]clituoloecp
973 3281 1090 3403 ὁμοίως]

110 3401 138 3488 Β;
159 3419 214 3460 cm.
232 3422 266 3491 p3
290 3396 504 3475 εὐθύγραμμον,
523 3421 607 3475 supra
625 3421 675 3459 scr.
695 3399 799 3474 ὁμοίως
816 3421 852 3460 m.
868 3409 894 3473 2,
912 3401 973 3457 FV.
1046 3408 1088 3458 20

110 3474 168 3546 ῆμα
186 3470 392 3546 εὐθύγραμμον
412 3474 471 3530 FV
