<?xml version="1.0" encoding="UTF-8"?>
<!DOCTYPE html PUBLIC "-//W3C//DTD XHTML 1.0 Transitional//EN"
    "http://www.w3.org/TR/xhtml1/DTD/xhtml1-transitional.dtd">
<html xmlns="http://www.w3.org/1999/xhtml" xml:lang="en" lang="en">
 <head>
  <title>
</title>
<meta http-equiv="Content-Type" content="text/html;charset=utf-8" />
  <meta name='ocr-system' content='tesseract 3.04.00' />
  <meta name='ocr-capabilities' content='ocr_page ocr_carea ocr_par ocr_line ocrx_word'/>
</head>
<body>
  <div class='ocr_page' id='page_1' title='image "./euclidisoperaom03unkngoog_0566.png"; bbox 0 0 2514 4012; ppageno 0'>
   <div class='ocr_carea' id='block_1_1' title="bbox 245 168 1101 274">
    <p class='ocr_par' dir='ltr' id='par_1_1' title="bbox 245 168 1101 274">
     <span class='ocr_line' id='line_1_1' title="bbox 245 168 1101 274; baseline 0.001 -13"><span class='ocrx_word' id='word_1_1' title='bbox 245 168 248 173; x_wconf 47' lang='grc'><strong>’</strong></span> <span class='ocrx_word' id='word_1_2' title='bbox 351 211 626 262; x_wconf 77' lang='lat' dir='ltr'><strong>uuuuuuuomm</strong></span> <span class='ocrx_word' id='word_1_3' title='bbox 643 211 753 261; x_wconf 77' lang='lat' dir='ltr'><strong>umuu</strong></span> <span class='ocrx_word' id='word_1_4' title='bbox 770 212 831 262; x_wconf 80' lang='lat' dir='ltr'><strong>vu.</strong></span> <span class='ocrx_word' id='word_1_5' title='bbox 1036 208 1101 274; x_wconf 84' lang='lat'><strong>195</strong></span> 
     </span>
    </p>
   </div>
   <div class='ocr_carea' id='block_1_2' title="bbox 82 353 1100 1189">
    <p class='ocr_par' dir='ltr' id='par_1_2' title="bbox 82 353 1100 1189">
     <span class='ocr_line' id='line_1_2' title="bbox 85 353 1100 436; baseline 0.003 -20"><span class='ocrx_word' id='word_1_6' title='bbox 85 353 234 436; x_wconf 74' lang='lat' dir='ltr'><strong>metitur,</strong></span> <span class='ocrx_word' id='word_1_7' title='bbox 265 353 364 418; x_wconf 76' lang='lat' dir='ltr'><strong>etium</strong></span> <span class='ocrx_word' id='word_1_8' title='bbox 391 356 431 416; x_wconf 90' lang='lat' dir='ltr'><strong><em>H</em></strong></span> <span class='ocrx_word' id='word_1_9' title='bbox 449 353 584 418; x_wconf 76' lang='lat' dir='ltr'><strong>metitur</strong></span> <span class='ocrx_word' id='word_1_10' title='bbox 607 356 680 418; x_wconf 86' lang='grc' dir='ltr'><strong>ΒΕ.</strong></span> <span class='ocrx_word' id='word_1_11' title='bbox 724 375 839 418; x_wconf 84' lang='lat' dir='ltr'><strong>uerum</strong></span> <span class='ocrx_word' id='word_1_12' title='bbox 867 354 967 419; x_wconf 67' lang='lat' dir='ltr'><strong>euiam</strong></span> <span class='ocrx_word' id='word_1_13' title='bbox 993 357 1100 419; x_wconf 79' lang='lat' dir='ltr'><strong>totum</strong></span> 
     </span>
     <span class='ocr_line' id='line_1_3' title="bbox 84 458 1100 543; baseline 0.004 -21"><span class='ocrx_word' id='word_1_14' title='bbox 84 462 149 523; x_wconf 87' lang='lat' dir='ltr'><strong>BA</strong></span> <span class='ocrx_word' id='word_1_15' title='bbox 180 459 322 523; x_wconf 75' lang='lat' dir='ltr'><strong>metitur.</strong></span> <span class='ocrx_word' id='word_1_16' title='bbox 378 481 478 543; x_wconf 82' lang='lat' dir='ltr'><strong>quare</strong></span> <span class='ocrx_word' id='word_1_17' title='bbox 511 459 611 523; x_wconf 81' lang='lat' dir='ltr'><strong>etiam</strong></span> <span class='ocrx_word' id='word_1_18' title='bbox 642 458 802 542; x_wconf 83' lang='lat' dir='ltr'><strong>reliquum</strong></span> <span class='ocrx_word' id='word_1_19' title='bbox 834 462 905 522; x_wconf 87' lang='grc' dir='ltr'><strong>ΑΕ</strong></span> <span class='ocrx_word' id='word_1_20' title='bbox 939 460 1100 526; x_wconf 71' lang='lat' dir='ltr'><strong>metietur.</strong></span> 
     </span>
     <span class='ocr_line' id='line_1_4' title="bbox 86 565 1100 649; baseline 0.003 -21"><span class='ocrx_word' id='word_1_21' title='bbox 86 565 143 629; x_wconf 86' lang='lat' dir='ltr'><strong>sed</strong></span> <span class='ocrx_word' id='word_1_22' title='bbox 165 569 236 629; x_wconf 85' lang='grc' dir='ltr'><strong>ΑΕ</strong></span> <span class='ocrx_word' id='word_1_23' title='bbox 257 565 390 630; x_wconf 76' lang='lat' dir='ltr'><strong>metitur</strong></span> <span class='ocrx_word' id='word_1_24' title='bbox 413 569 446 628; x_wconf 88' lang='lat' dir='ltr'><em>A</em></span> <span class='ocrx_word' id='word_1_25' title='bbox 452 569 488 628; x_wconf 92' lang='lat' dir='ltr'><strong>Z.</strong></span> <span class='ocrx_word' id='word_1_26' title='bbox 535 587 634 649; x_wconf 80' lang='lat' dir='ltr'><strong>quare</strong></span> <span class='ocrx_word' id='word_1_27' title='bbox 663 565 763 630; x_wconf 78' lang='lat' dir='ltr'><strong>etiam</strong></span> <span class='ocrx_word' id='word_1_28' title='bbox 785 568 825 628; x_wconf 91' lang='lat' dir='ltr'><em>H</em></span> <span class='ocrx_word' id='word_1_29' title='bbox 848 565 1002 630; x_wconf 73' lang='lat' dir='ltr'><strong>metietur</strong></span> <span class='ocrx_word' id='word_1_30' title='bbox 1024 570 1100 632; x_wconf 83' lang='lat' dir='ltr'><strong>AZ.</strong></span> 
     </span>
     <span class='ocr_line' id='line_1_5' title="bbox 83 671 1099 755; baseline 0.001 -20"><span class='ocrx_word' id='word_1_31' title='bbox 83 693 197 735; x_wconf 84' lang='lat' dir='ltr'><strong>uerum</strong></span> <span class='ocrx_word' id='word_1_32' title='bbox 226 671 325 736; x_wconf 71' lang='lat' dir='ltr'><strong>etiam</strong></span> <span class='ocrx_word' id='word_1_33' title='bbox 353 675 460 736; x_wconf 76' lang='lat' dir='ltr'><strong>totum</strong></span> <span class='ocrx_word' id='word_1_34' title='bbox 491 676 524 735; x_wconf 87' lang='lat' dir='ltr'><em>A</em></span> <span class='ocrx_word' id='word_1_35' title='bbox 530 673 562 735; x_wconf 91' lang='grc' dir='ltr'><strong><em>Γ</em></strong></span> <span class='ocrx_word' id='word_1_36' title='bbox 584 672 727 736; x_wconf 72' lang='lat' dir='ltr'><strong>metitur.</strong></span> <span class='ocrx_word' id='word_1_37' title='bbox 771 692 871 755; x_wconf 80' lang='lat' dir='ltr'><strong>quare</strong></span> <span class='ocrx_word' id='word_1_38' title='bbox 899 672 998 736; x_wconf 76' lang='lat' dir='ltr'><strong>etium</strong></span> <span class='ocrx_word' id='word_1_39' title='bbox 1027 672 1099 736; x_wconf 84' lang='lat' dir='ltr'>reli·</span> 
     </span>
     <span class='ocr_line' id='line_1_6' title="bbox 83 775 1100 862; baseline 0.002 -22"><span class='ocrx_word' id='word_1_40' title='bbox 83 799 184 861; x_wconf 90' lang='lat' dir='ltr'><strong>quum</strong></span> <span class='ocrx_word' id='word_1_41' title='bbox 212 778 273 840; x_wconf 90' lang='grc' dir='ltr'><strong>ΓΖ</strong></span> <span class='ocrx_word' id='word_1_42' title='bbox 300 777 454 842; x_wconf 65' lang='lat' dir='ltr'><strong>metietur</strong></span> <span class='ocrx_word' id='word_1_43' title='bbox 481 778 586 842; x_wconf 79' lang='lat' dir='ltr'><strong>maior</strong></span> <span class='ocrx_word' id='word_1_44' title='bbox 613 778 784 862; x_wconf 72' lang='lat' dir='ltr'><strong>minorem,</strong></span> <span class='ocrx_word' id='word_1_45' title='bbox 815 777 902 861; x_wconf 92' lang='lat' dir='ltr'><strong>quod</strong></span> <span class='ocrx_word' id='word_1_46' title='bbox 931 775 1003 841; x_wconf 87' lang='lat' dir='ltr'><strong>fieri</strong></span> <span class='ocrx_word' id='word_1_47' title='bbox 1033 799 1100 842; x_wconf 88' lang='lat' dir='ltr'><strong>non</strong></span> 
     </span>
     <span class='ocr_line' id='line_1_7' title="bbox 83 882 1098 967; baseline 0.001 -20"><span class='ocrx_word' id='word_1_48' title='bbox 83 885 203 966; x_wconf 58' lang='lat' dir='ltr'><strong>potest,</strong></span> <span class='ocrx_word' id='word_1_49' title='bbox 245 903 321 967; x_wconf 81' lang='lat' dir='ltr'>ergo</span> <span class='ocrx_word' id='word_1_50' title='bbox 340 904 493 948; x_wconf 84' lang='lat' dir='ltr'><strong>numeros</strong></span> <span class='ocrx_word' id='word_1_51' title='bbox 512 888 589 962; x_wconf 87' lang='lat' dir='ltr'><strong>AB,</strong></span> <span class='ocrx_word' id='word_1_52' title='bbox 608 887 670 949; x_wconf 91' lang='grc' dir='ltr'><strong>ΓΔ</strong></span> <span class='ocrx_word' id='word_1_53' title='bbox 688 906 755 949; x_wconf 93' lang='lat' dir='ltr'><strong>non</strong></span> <span class='ocrx_word' id='word_1_54' title='bbox 773 882 927 948; x_wconf 75' lang='lat' dir='ltr'><strong>metietur</strong></span> <span class='ocrx_word' id='word_1_55' title='bbox 944 905 1098 948; x_wconf 83' lang='lat' dir='ltr'><strong>numerus</strong></span> 
     </span>
     <span class='ocr_line' id='line_1_8' title="bbox 82 989 1097 1074; baseline 0 -21"><span class='ocrx_word' id='word_1_56' title='bbox 82 989 186 1054; x_wconf 84' lang='lat' dir='ltr'><strong>maior</strong></span> <span class='ocrx_word' id='word_1_57' title='bbox 207 1010 341 1053; x_wconf 81' lang='lat' dir='ltr'><strong>numero</strong></span> <span class='ocrx_word' id='word_1_58' title='bbox 366 990 435 1053; x_wconf 90' lang='grc' dir='ltr'><strong>ΓΖ.</strong></span> <span class='ocrx_word' id='word_1_59' title='bbox 482 992 645 1074; x_wconf 68' lang='grc' dir='ltr'>ετςοΓΖ</span> <span class='ocrx_word' id='word_1_60' title='bbox 672 990 815 1053; x_wconf 81' lang='lat' dir='ltr'><strong>maxima</strong></span> <span class='ocrx_word' id='word_1_61' title='bbox 843 993 893 1053; x_wconf 76' lang='lat' dir='ltr'><strong>est</strong></span> <span class='ocrx_word' id='word_1_62' title='bbox 916 990 1097 1055; x_wconf 81' lang='lat' dir='ltr'><strong>eommunis</strong></span> 
     </span>
     <span class='ocr_line' id='line_1_9' title="bbox 83 1098 656 1189; baseline 0.003 -30"><span class='ocrx_word' id='word_1_63' title='bbox 83 1117 235 1159; x_wconf 79' lang='lat' dir='ltr'><strong>mensura</strong></span> <span class='ocrx_word' id='word_1_64' title='bbox 258 1115 464 1189; x_wconf 84' lang='lat' dir='ltr'><strong>numerorum</strong></span> <span class='ocrx_word' id='word_1_65' title='bbox 487 1101 566 1179; x_wconf 87' lang='lat' dir='ltr'><strong>AB,</strong></span> <span class='ocrx_word' id='word_1_66' title='bbox 587 1098 656 1161; x_wconf 89' lang='grc' dir='ltr'><strong>ΓΔ.</strong></span> 
     </span>
    </p>
   </div>
   <div class='ocr_carea' id='block_1_3' title="bbox 451 1307 723 1374">
    <p class='ocr_par' dir='ltr' id='par_1_3' title="bbox 451 1307 723 1374">
     <span class='ocr_line' id='line_1_10' title="bbox 451 1307 723 1374; baseline -0.007 0"><span class='ocrx_word' id='word_1_67' title='bbox 451 1307 723 1374; x_wconf 81' lang='lat' dir='ltr'><strong>Corollarium.</strong></span> 
     </span>
    </p>
   </div>
   <div class='ocr_carea' id='block_1_4' title="bbox 80 1417 1097 1815">
    <p class='ocr_par' dir='ltr' id='par_1_4' title="bbox 80 1417 1097 1815">
     <span class='ocr_line' id='line_1_11' title="bbox 149 1417 1097 1516; baseline 0.001 -21"><span class='ocrx_word' id='word_1_68' title='bbox 149 1431 235 1498; x_wconf 84' lang='lat' dir='ltr'>Hine</span> <span class='ocrx_word' id='word_1_69' title='bbox 263 1433 472 1498; x_wconf 79' lang='lat' dir='ltr'><strong>manifestum</strong></span> <span class='ocrx_word' id='word_1_70' title='bbox 501 1417 563 1516; x_wconf 76' lang='lat' dir='ltr'><strong>est,</strong></span> <span class='ocrx_word' id='word_1_71' title='bbox 596 1433 624 1496; x_wconf 83' lang='lat' dir='ltr'><strong>si</strong></span> <span class='ocrx_word' id='word_1_72' title='bbox 650 1452 803 1496; x_wconf 86' lang='lat' dir='ltr'><strong>uumerus</strong></span> <span class='ocrx_word' id='word_1_73' title='bbox 832 1432 912 1496; x_wconf 84' lang='lat' dir='ltr'><strong>duos</strong></span> <span class='ocrx_word' id='word_1_74' title='bbox 943 1453 1097 1496; x_wconf 86' lang='lat' dir='ltr'><strong>numeros</strong></span> 
     </span>
     <span class='ocr_line' id='line_1_12' title="bbox 83 1537 1096 1622; baseline 0.005 -24"><span class='ocrx_word' id='word_1_75' title='bbox 83 1537 248 1622; x_wconf 76' lang='lat' dir='ltr'><strong>metiatur,</strong></span> <span class='ocrx_word' id='word_1_76' title='bbox 290 1561 363 1604; x_wconf 86' lang='lat' dir='ltr'><strong>eum</strong></span> <span class='ocrx_word' id='word_1_77' title='bbox 405 1540 502 1603; x_wconf 79' lang='lat' dir='ltr'><strong>etiam</strong></span> <span class='ocrx_word' id='word_1_78' title='bbox 546 1539 720 1602; x_wconf 80' lang='lat' dir='ltr'><strong>maximam</strong></span> <span class='ocrx_word' id='word_1_79' title='bbox 758 1559 869 1602; x_wconf 86' lang='lat' dir='ltr'><strong>eorum</strong></span> <span class='ocrx_word' id='word_1_80' title='bbox 910 1558 1096 1603; x_wconf 82' lang='lat' dir='ltr'><strong>mensurum</strong></span> 
     </span>
     <span class='ocr_line' id='line_1_13' title="bbox 80 1643 1097 1729; baseline 0.003 -23"><span class='ocrx_word' id='word_1_81' title='bbox 80 1663 283 1709; x_wconf 85' lang='lat' dir='ltr'><strong>communem</strong></span> <span class='ocrx_word' id='word_1_82' title='bbox 316 1667 504 1711; x_wconf 82' lang='lat' dir='ltr'><strong>mensurum</strong></span> <span class='ocrx_word' id='word_1_83' title='bbox 538 1643 645 1729; x_wconf 83' lang='lat' dir='ltr'><strong>esse.¹)</strong></span> <span class='ocrx_word' id='word_1_84' title='bbox 677 1680 714 1690; x_wconf 92' lang='lat'><em>-</em></span> <span class='ocrx_word' id='word_1_85' title='bbox 745 1643 832 1728; x_wconf 89' lang='lat' dir='ltr'><strong>quod</strong></span> <span class='ocrx_word' id='word_1_86' title='bbox 864 1647 935 1707; x_wconf 75' lang='lat' dir='ltr'>erat</span> <span class='ocrx_word' id='word_1_87' title='bbox 966 1645 1097 1709; x_wconf 85' lang='lat' dir='ltr'><strong>demon·</strong></span> 
     </span>
     <span class='ocr_line' id='line_1_14' title="bbox 81 1750 258 1815; baseline 0.023 -4"><span class='ocrx_word' id='word_1_88' title='bbox 81 1750 258 1815; x_wconf 76' lang='lat' dir='ltr'><strong>strandum.</strong></span> 
     </span>
    </p>
   </div>
   <div class='ocr_carea' id='block_1_5' title="bbox 558 1872 617 1938">
    <p class='ocr_par' dir='ltr' id='par_1_5' title="bbox 558 1872 617 1938">
     <span class='ocr_line' id='line_1_15' title="bbox 558 1872 617 1938; baseline -0.034 0"><span class='ocrx_word' id='word_1_89' title='bbox 558 1872 617 1938; x_wconf 90' lang='lat' dir='ltr'><strong>HI.</strong></span> 
     </span>
    </p>
   </div>
   <div class='ocr_carea' id='block_1_6' title="bbox 75 1995 1099 3143">
    <p class='ocr_par' dir='ltr' id='par_1_6' title="bbox 146 1995 1096 2083">
     <span class='ocr_line' id='line_1_16' title="bbox 146 1995 1096 2083; baseline 0.003 -23"><span class='ocrx_word' id='word_1_90' title='bbox 146 1995 240 2062; x_wconf 71' lang='lat' dir='ltr'>Datis</span> <span class='ocrx_word' id='word_1_91' title='bbox 259 1999 363 2079; x_wconf 70' lang='lat' dir='ltr'><strong>uibus</strong></span> <span class='ocrx_word' id='word_1_92' title='bbox 381 1997 526 2063; x_wconf 84' lang='lat' dir='ltr'><strong>numeris</strong></span> <span class='ocrx_word' id='word_1_93' title='bbox 544 2020 611 2063; x_wconf 88' lang='lat' dir='ltr'><strong>non</strong></span> <span class='ocrx_word' id='word_1_94' title='bbox 629 1998 744 2083; x_wconf 85' lang='lat' dir='ltr'><strong>primis</strong></span> <span class='ocrx_word' id='word_1_95' title='bbox 763 1998 850 2062; x_wconf 80' lang='lat' dir='ltr'>inter</span> <span class='ocrx_word' id='word_1_96' title='bbox 869 2019 903 2062; x_wconf 80' lang='lat' dir='ltr'><strong>se</strong></span> <span class='ocrx_word' id='word_1_97' title='bbox 922 1998 1096 2063; x_wconf 78' lang='lat' dir='ltr'><strong>maximum</strong></span> 
     </span>
    </p>

    <p class='ocr_par' dir='ltr' id='par_1_7' title="bbox 81 2104 1099 2631">
     <span class='ocr_line' id='line_1_17' title="bbox 81 2104 676 2169; baseline 0.003 -4"><span class='ocrx_word' id='word_1_98' title='bbox 81 2125 269 2167; x_wconf 88' lang='lat' dir='ltr'><strong>mensuram</strong></span> <span class='ocrx_word' id='word_1_99' title='bbox 293 2125 497 2169; x_wconf 83' lang='lat' dir='ltr'><strong>communem</strong></span> <span class='ocrx_word' id='word_1_100' title='bbox 520 2104 676 2168; x_wconf 80' lang='lat' dir='ltr'><strong>inuenire.</strong></span> 
     </span>
     <span class='ocr_line' id='line_1_18' title="bbox 602 2207 1094 2275; baseline 0 -2"><span class='ocrx_word' id='word_1_101' title='bbox 602 2207 676 2274; x_wconf 75' lang='lat' dir='ltr'><strong>sint</strong></span> <span class='ocrx_word' id='word_1_102' title='bbox 698 2213 765 2274; x_wconf 77' lang='lat' dir='ltr'><strong>tres</strong></span> <span class='ocrx_word' id='word_1_103' title='bbox 788 2210 917 2275; x_wconf 85' lang='lat' dir='ltr'><strong>numeri</strong></span> <span class='ocrx_word' id='word_1_104' title='bbox 936 2210 1004 2274; x_wconf 78' lang='lat' dir='ltr'><strong>dati</strong></span> <span class='ocrx_word' id='word_1_105' title='bbox 1027 2232 1094 2275; x_wconf 92' lang='lat' dir='ltr'><strong>non</strong></span> 
     </span>
     <span class='ocr_line' id='line_1_19' title="bbox 534 2316 1095 2401; baseline -0.002 -21"><span class='ocrx_word' id='word_1_106' title='bbox 534 2316 631 2400; x_wconf 89' lang='lat' dir='ltr'><strong>primi</strong></span> <span class='ocrx_word' id='word_1_107' title='bbox 644 2316 730 2380; x_wconf 69' lang='lat' dir='ltr'><strong>inter</strong></span> <span class='ocrx_word' id='word_1_108' title='bbox 745 2337 779 2379; x_wconf 87' lang='lat' dir='ltr'><strong>se</strong></span> <span class='ocrx_word' id='word_1_109' title='bbox 794 2321 837 2397; x_wconf 88' lang='lat' dir='ltr'><strong>A,</strong></span> <span class='ocrx_word' id='word_1_110' title='bbox 851 2319 890 2401; x_wconf 90' lang='lat' dir='ltr'><strong>B,</strong></span> <span class='ocrx_word' id='word_1_111' title='bbox 904 2318 941 2382; x_wconf 93' lang='grc' dir='ltr'><strong>Γ.</strong></span> <span class='ocrx_word' id='word_1_112' title='bbox 965 2319 1095 2401; x_wconf 70' lang='lat' dir='ltr'>oportet</span> 
     </span>
     <span class='ocr_line' id='line_1_20' title="bbox 255 2422 1099 2516; baseline 0.002 -31"><span class='ocrx_word' id='word_1_113' title='bbox 255 2439 273 2446; x_wconf 83' lang='lat'>·</span> <span class='ocrx_word' id='word_1_114' title='bbox 379 2509 397 2516; x_wconf 86' lang='lat'>-</span> <span class='ocrx_word' id='word_1_115' title='bbox 451 2473 469 2480; x_wconf 85' lang='lat'>-</span> <span class='ocrx_word' id='word_1_116' title='bbox 532 2422 633 2508; x_wconf 80' lang='lat' dir='ltr'><strong>igitur</strong></span> <span class='ocrx_word' id='word_1_117' title='bbox 673 2443 881 2486; x_wconf 86' lang='lat' dir='ltr'><strong>numerorum</strong></span> <span class='ocrx_word' id='word_1_118' title='bbox 917 2429 966 2505; x_wconf 89' lang='lat' dir='ltr'><strong>A,</strong></span> <span class='ocrx_word' id='word_1_119' title='bbox 993 2426 1099 2507; x_wconf 76' lang='grc' dir='ltr'><strong>Β,Γ</strong></span> 
     </span>
     <span class='ocr_line' id='line_1_21' title="bbox 325 2528 1094 2631; baseline 0.003 -40"><span class='ocrx_word' id='word_1_120' title='bbox 325 2544 344 2551; x_wconf 80' lang='grc'><em>“</em></span> <span class='ocrx_word' id='word_1_121' title='bbox 398 2582 422 2631; x_wconf 75' lang='lat' dir='ltr'>E</span> <span class='ocrx_word' id='word_1_122' title='bbox 471 2564 492 2614; x_wconf 74' lang='lat' dir='ltr'>Z</span> <span class='ocrx_word' id='word_1_123' title='bbox 533 2528 708 2592; x_wconf 80' lang='lat' dir='ltr'><strong>maximum</strong></span> <span class='ocrx_word' id='word_1_124' title='bbox 740 2549 923 2592; x_wconf 84' lang='lat' dir='ltr'><strong>mensuram</strong></span> <span class='ocrx_word' id='word_1_125' title='bbox 952 2550 1094 2593; x_wconf 85' lang='lat' dir='ltr'><strong>commu-</strong></span> 
     </span>
    </p>

    <p class='ocr_par' dir='ltr' id='par_1_8' title="bbox 450 2654 787 2700">
     <span class='ocr_line' id='line_1_22' title="bbox 450 2654 787 2700; baseline -0.009 0"><span class='ocrx_word' id='word_1_126' title='bbox 450 2694 469 2700; x_wconf 84' lang='lat'><strong>-</strong></span> <span class='ocrx_word' id='word_1_127' title='bbox 531 2655 606 2697; x_wconf 86' lang='lat' dir='ltr'><strong>nem</strong></span> <span class='ocrx_word' id='word_1_128' title='bbox 630 2654 787 2697; x_wconf 86' lang='lat' dir='ltr'><strong>muemre.</strong></span> 
     </span>
    </p>

    <p class='ocr_par' dir='ltr' id='par_1_9' title="bbox 75 2736 1094 3143">
     <span class='ocr_line' id='line_1_23' title="bbox 144 2736 1094 2822; baseline -0.001 -19"><span class='ocrx_word' id='word_1_129' title='bbox 144 2746 289 2805; x_wconf 75' lang='lat' dir='ltr'><strong>sumatur</strong></span> <span class='ocrx_word' id='word_1_130' title='bbox 318 2742 404 2805; x_wconf 86' lang='lat' dir='ltr'><strong>enim</strong></span> <span class='ocrx_word' id='word_1_131' title='bbox 428 2739 562 2805; x_wconf 89' lang='lat' dir='ltr'><strong>duorum</strong></span> <span class='ocrx_word' id='word_1_132' title='bbox 586 2760 795 2803; x_wconf 85' lang='lat' dir='ltr'><strong>numerorum</strong></span> <span class='ocrx_word' id='word_1_133' title='bbox 811 2736 870 2822; x_wconf 83' lang='grc' dir='ltr'><strong>Ἀ,</strong></span> <span class='ocrx_word' id='word_1_134' title='bbox 893 2743 922 2803; x_wconf 90' lang='grc' dir='ltr'><strong><em>Β</em></strong></span> <span class='ocrx_word' id='word_1_135' title='bbox 952 2737 1094 2803; x_wconf 79' lang='lat' dir='ltr'><strong>maxima</strong></span> 
     </span>
     <span class='ocr_line' id='line_1_24' title="bbox 75 2843 1093 2930; baseline -0.002 -20"><span class='ocrx_word' id='word_1_136' title='bbox 75 2867 228 2910; x_wconf 83' lang='lat' dir='ltr'><strong>mensura</strong></span> <span class='ocrx_word' id='word_1_137' title='bbox 251 2846 429 2912; x_wconf 83' lang='lat' dir='ltr'><strong>communis</strong></span> <span class='ocrx_word' id='word_1_138' title='bbox 455 2850 488 2909; x_wconf 87' lang='lat' dir='ltr'><em>A</em></span> <span class='ocrx_word' id='word_1_139' title='bbox 513 2848 616 2930; x_wconf 87' lang='lat' dir='ltr'><strong>[prop.</strong></span> <span class='ocrx_word' id='word_1_140' title='bbox 635 2843 692 2926; x_wconf 86' lang='lat' dir='ltr'><strong>ss].</strong></span> <span class='ocrx_word' id='word_1_141' title='bbox 738 2849 772 2908; x_wconf 89' lang='grc' dir='ltr'><em>Δ</em></span> <span class='ocrx_word' id='word_1_142' title='bbox 796 2844 897 2929; x_wconf 69' lang='lat' dir='ltr'><strong>igitur</strong></span> <span class='ocrx_word' id='word_1_143' title='bbox 920 2847 977 2908; x_wconf 76' lang='lat' dir='ltr'><strong>aut</strong></span> <span class='ocrx_word' id='word_1_144' title='bbox 999 2845 1093 2910; x_wconf 77' lang='lat' dir='ltr'><strong>meti-</strong></span> 
     </span>
     <span class='ocr_line' id='line_1_25' title="bbox 75 2951 1093 3036; baseline 0 -23"><span class='ocrx_word' id='word_1_145' title='bbox 75 2955 129 3014; x_wconf 76' lang='lat' dir='ltr'><strong>tur</strong></span> <span class='ocrx_word' id='word_1_146' title='bbox 165 2954 197 3015; x_wconf 93' lang='grc' dir='ltr'>Γ</span> <span class='ocrx_word' id='word_1_147' title='bbox 231 2957 287 3017; x_wconf 73' lang='lat' dir='ltr'><strong>aut</strong></span> <span class='ocrx_word' id='word_1_148' title='bbox 318 2975 385 3017; x_wconf 88' lang='lat' dir='ltr'><strong>non</strong></span> <span class='ocrx_word' id='word_1_149' title='bbox 416 2953 560 3016; x_wconf 76' lang='lat' dir='ltr'><strong>metitur.</strong></span> <span class='ocrx_word' id='word_1_150' title='bbox 613 2951 703 3036; x_wconf 87' lang='lat' dir='ltr'><strong>prius</strong></span> <span class='ocrx_word' id='word_1_151' title='bbox 739 2951 902 3015; x_wconf 74' lang='lat' dir='ltr'><strong>metiatur.</strong></span> <span class='ocrx_word' id='word_1_152' title='bbox 958 2951 1093 3014; x_wconf 76' lang='lat' dir='ltr'><strong>metitur</strong></span> 
     </span>
     <span class='ocr_line' id='line_1_26' title="bbox 77 3056 1093 3143; baseline -0.001 -22"><span class='ocrx_word' id='word_1_153' title='bbox 77 3062 186 3122; x_wconf 81' lang='lat' dir='ltr'><strong>autem</strong></span> <span class='ocrx_word' id='word_1_154' title='bbox 211 3059 311 3123; x_wconf 75' lang='lat' dir='ltr'><strong>etiam</strong></span> <span class='ocrx_word' id='word_1_155' title='bbox 335 3065 376 3141; x_wconf 90' lang='lat' dir='ltr'><strong>A,</strong></span> <span class='ocrx_word' id='word_1_156' title='bbox 395 3063 433 3122; x_wconf 89' lang='grc' dir='ltr'><strong>Β.</strong></span> <span class='ocrx_word' id='word_1_157' title='bbox 477 3065 510 3122; x_wconf 91' lang='grc' dir='ltr'><em>Δ</em></span> <span class='ocrx_word' id='word_1_158' title='bbox 533 3059 634 3143; x_wconf 64' lang='lat' dir='ltr'><strong>igiuur</strong></span> <span class='ocrx_word' id='word_1_159' title='bbox 655 3078 809 3122; x_wconf 82' lang='lat' dir='ltr'><strong>numeros</strong></span> <span class='ocrx_word' id='word_1_160' title='bbox 833 3063 875 3142; x_wconf 88' lang='lat' dir='ltr'><strong>A,</strong></span> <span class='ocrx_word' id='word_1_161' title='bbox 894 3060 932 3140; x_wconf 88' lang='lat' dir='ltr'><strong>B,</strong></span> <span class='ocrx_word' id='word_1_162' title='bbox 950 3059 983 3121; x_wconf 92' lang='grc' dir='ltr'><strong><em>Γ</em></strong></span> <span class='ocrx_word' id='word_1_163' title='bbox 1001 3056 1093 3120; x_wconf 79' lang='lat' dir='ltr'><strong>meti·</strong></span> 
     </span>
    </p>
   </div>
   <div class='ocr_carea' id='block_1_7' title="bbox 75 3269 1091 3425">
    <p class='ocr_par' dir='ltr' id='par_1_10' title="bbox 75 3269 1091 3425">
     <span class='ocr_line' id='line_1_27' title="bbox 148 3269 1091 3354; baseline -0.001 -15"><span class='ocrx_word' id='word_1_164' title='bbox 148 3289 173 3353; x_wconf 95' lang='lat'><strong>1)</strong></span> <span class='ocrx_word' id='word_1_165' title='bbox 192 3285 266 3338; x_wconf 82' lang='lat' dir='ltr'><strong>Nam</strong></span> <span class='ocrx_word' id='word_1_166' title='bbox 291 3289 321 3338; x_wconf 88' lang='lat' dir='ltr'>H</span> <span class='ocrx_word' id='word_1_167' title='bbox 342 3287 371 3338; x_wconf 76' lang='lat' dir='ltr'><strong>et</strong></span> <span class='ocrx_word' id='word_1_168' title='bbox 394 3289 459 3354; x_wconf 85' lang='lat' dir='ltr'><strong>AB,</strong></span> <span class='ocrx_word' id='word_1_169' title='bbox 484 3288 535 3338; x_wconf 88' lang='grc' dir='ltr'><strong>ΓΔ</strong></span> <span class='ocrx_word' id='word_1_170' title='bbox 558 3287 587 3339; x_wconf 75' lang='lat' dir='ltr'><strong>et</strong></span> <span class='ocrx_word' id='word_1_171' title='bbox 611 3301 785 3339; x_wconf 83' lang='lat' dir='ltr'><strong>communem</strong></span> <span class='ocrx_word' id='word_1_172' title='bbox 814 3300 911 3339; x_wconf 84' lang='lat' dir='ltr'><strong>eorum</strong></span> <span class='ocrx_word' id='word_1_173' title='bbox 932 3269 1091 3339; x_wconf 78' lang='lat' dir='ltr'><strong>mensurum</strong></span> 
     </span>
     <span class='ocr_line' id='line_1_28' title="bbox 75 3355 631 3425; baseline 0.002 -17"><span class='ocrx_word' id='word_1_174' title='bbox 75 3356 227 3410; x_wconf 79' lang='lat' dir='ltr'><strong>maximum</strong></span> <span class='ocrx_word' id='word_1_175' title='bbox 249 3358 301 3409; x_wconf 94' lang='grc' dir='ltr'><strong>ΓΖ</strong></span> <span class='ocrx_word' id='word_1_176' title='bbox 318 3355 434 3410; x_wconf 72' lang='lat' dir='ltr'><strong>metitur</strong></span> <span class='ocrx_word' id='word_1_177' title='bbox 453 3359 491 3425; x_wconf 90' lang='lat' dir='ltr'><strong>(p.</strong></span> <span class='ocrx_word' id='word_1_178' title='bbox 513 3361 577 3423; x_wconf 79' lang='lat'><strong>194,</strong></span> <span class='ocrx_word' id='word_1_179' title='bbox 596 3358 631 3425; x_wconf 79' lang='grc' dir='ltr'><strong>ὃ).</strong></span> 
     </span>
    </p>
   </div>
   <div class='ocr_carea' id='block_1_8' title="bbox 0 0 1262 4012">
    <p class='ocr_par' dir='ltr' id='par_1_11' title="bbox 0 0 1262 4012">
     <span class='ocr_line' id='line_1_29' title="bbox 0 0 1262 4012; baseline 0 3"><span class='ocrx_word' id='word_1_180' title='bbox 0 0 1262 4012; x_wconf 95' lang='lat' dir='ltr'><strong> </strong></span> 
     </span>
    </p>
   </div>
  </div>
 </body>
</html>
