2514 4012
321 191 600 244 nummorum
616 193 726 244 nmen
743 193 792 244 111.
1019 190 1081 255 191

67 337 138 417 tur,
166 356 304 418 quarum
326 356 392 399 una
414 355 472 418 per
494 337 656 417 centrum,
685 339 810 401 ceterae
838 337 947 401 autem
968 339 1084 402 utcun-

68 462 132 525 que
164 441 279 508 duetae
315 445 405 524 sunt,
438 460 548 505 earum
576 443 752 525 rectarum,
790 462 873 526 quae
901 440 942 506 ad
969 463 1083 507 cauam

67 551 198 632 partem
221 547 364 613 ambitus
387 545 555 631 adcidunt‚
577 548 718 612 maxima
742 551 802 631 est,
824 568 906 633 quae
929 569 987 631 per
1010 569 1083 613 oen-

67 658 157 719 trum
180 654 277 720 ducta
299 656 359 738 est,
381 656 559 718 ceterarum
583 657 691 718 autem
713 653 861 738 proxima
879 674 1023 739 quaeque
1044 655 1083 740 ei,

68 782 153 845 quae
175 782 234 846 per
256 763 404 826 commum
426 763 490 844 est,
511 758 685 826 remotiore
708 759 812 825 maior
834 763 898 844 est,
921 763 1083 826 rectarum

68 870 179 932 autem
202 866 243 932 ad
265 888 445 932 conuexam
467 868 595 950 partem
618 867 760 931 ambitus
784 866 1003 932 adsidentium
1023 867 1083 930 mi-

67 973 157 1038 nima
189 976 252 1058 est,
284 994 366 1059 quae
394 974 481 1038 inter
507 975 662 1056 punctum
692 976 725 1038 et
751 973 945 1038 diametrum
974 972 1083 1056 posita

67 1082 132 1164 est,
164 1083 344 1146 ceterarum
372 1084 482 1145 autem
508 1079 657 1162 proxima
687 1100 833 1165 quaeque
855 1078 1009 1145 minimae
1032 1102 1083 1146 re-

66 1186 204 1251 motiore
227 1186 343 1271 minor,
375 1190 408 1250 et
431 1185 513 1250 duae
536 1185 624 1251 solae
648 1189 754 1251 rectae
777 1207 797 1250 a
819 1189 938 1270 puncto
962 1187 1018 1252 illo
1041 1186 1082 1252 ad

67 1292 223 1358 circulum
255 1291 404 1358 adsident
435 1292 470 1356 in
502 1295 640 1376 utraque
672 1295 765 1376 parte
797 1292 965 1377 minimae3
997 1292 1083 1378 quod

66 1407 137 1464 erat
159 1397 457 1465 demonstrandum.

546 1591 602 1657 IX.

135 1716 170 1782 si
192 1718 281 1783 intra
303 1718 460 1783 circulum
482 1719 638 1801 punctum
662 1716 793 1799 aliquod
817 1716 966 1800 sumitur,
988 1720 1022 1781 et
1040 1718 1081 1782 ab

65 1824 129 1889 hoo
142 1827 264 1908 puncto
279 1824 319 1889 ad
334 1824 489 1890 circulum
507 1823 619 1906 plures
633 1843 731 1906 quam
745 1821 828 1886 duae
842 1825 949 1887 rectae
963 1844 1081 1908 aequa-

65 1931 113 1996 les
138 1929 179 1995 ad
202 1931 357 1996 circulum
381 1929 546 2008 adoidunt,
569 1931 735 2011 sumptum
754 1931 910 2011 punctum
929 1930 1074 1995 centrum

301 2067 343 2126 Α
600 2036 650 2098 est
673 2032 794 2098 circuli.

641 2135 691 2203 Sit
700 2139 1082 2223 circulusABEetintra

600 2266 674 2309 eum
696 2250 853 2328 punctum
877 2253 920 2331 Δ,
948 2250 1024 2312 eta
1048 2255 1082 2312 A

500 2312 534 2374 1⁷
600 2349 641 2414 ad
663 2353 766 2416 ΑΒΓ
789 2351 943 2416 circulum
970 2353 1081 2438 plures

523 2475 547 2518 1¹
600 2479 698 2542 quam
712 2457 793 2522 duae
807 2461 914 2523 rectae
930 2460 1081 2545 aequales

602 2562 755 2627 adoidant
783 2569 867 2648 ΔΑ,
896 2570 977 2650 ΔΒ,
1006 2568 1081 2632 ΔΓ.
1169 2590 1175 2596 ·

602 2668 684 2753 dico,
705 2674 863 2753 punctum
878 2677 911 2734 A
934 2675 1080 2738 centrum

604 2796 674 2839 esse
697 2775 807 2840 circuli
829 2780 937 2842 ΑΒΓ.

646 2881 804 2946 ducantur
823 2883 909 2947 enim
928 2889 1004 2970 AB,
1018 2888 1085 2950 ΒΓ

601 2991 801 3053 et'secentur
818 2989 853 3053 in
872 2989 952 3056 duas
970 2996 1080 3076 partes

62 3093 215 3178 aequales
238 3094 272 3157 in
295 3095 425 3178 punctis
445 3100 482 3179 E,
508 3100 544 3179 Ζ,
568 3099 601 3159 et
624 3096 739 3161 ductae
758 3098 836 3177 ΕΔ,
859 3100 926 3161 ΖΑ
945 3097 1079 3164 educan-

61 3203 116 3264 tur
140 3199 180 3264 ad
198 3204 321 3284 puncta
343 3205 392 3285 H,
416 3206 458 3286 K,
481 3207 518 3281 Θ,
542 3206 581 3266 Λ.

130 3309 196 3372 iam
223 3309 379 3392 quoniam
413 3314 480 3374 ΑΕ
493 3340 535 3361 =
550 3313 627 3392 ΕΒ,
661 3314 693 3373 et
720 3310 901 3375 communis
930 3313 980 3374 est
1002 3315 1080 3394 EA,

61 3414 144 3479 duae
167 3417 275 3480 rectae
299 3420 375 3501 ΑΕ,
399 3421 469 3480 ΕΔ
488 3416 612 3480 duabus
631 3419 705 3497 ΒΕ,
729 3420 799 3479 ΕΔ
818 3416 970 3502 aequales
995 3423 1080 3484 sunt.

60 3525 95 3586 et
119 3528 190 3585 ΔΑ
204 3551 246 3574 =
262 3526 338 3586 ΑΒ.
378 3522 487 3608 itaque
511 3529 531 3597 L
546 3526 651 3586 ΑΕΔ
666 3553 708 3575 =
724 3526 826 3587 ΒΕΑ
847 3522 885 3608 [1,
901 3523 946 3604 8].
968 3524 1078 3610 itaque
