2514 4012
138 195 205 261 362
515 196 716 249 nomn
733 187 778 252 α’.

138 335 291 425 άριθμὸν
320 349 432 425 μετρεῖ
452 337 508 404 καὶ
533 334 551 405 5
576 346 609 405 A
630 334 691 404 τόν
714 343 757 403 Ε·
785 333 939 418 ἐναλλὰξ
965 336 1037 427 ἄρα
1064 337 1155 418 ῖσάιιις

139 443 161 531 ἡ
190 454 222 513 A
252 443 358 531 μονάς
384 442 445 512 τὸν
475 453 508 512 A
535 456 648 531 μετρεῖ
675 443 731 511 καὶ
754 439 774 510 5
796 448 827 508 Β
851 439 917 510 τόν
944 451 987 512 Ε.
1035 442 1156 532 ἡδὲιῖ

141 549 258 680 μονὰς
270 549 331 618 τὸν
355 559 388 618 A
410 564 524 637 μετρεῖ
542 548 625 617 κατὰ
648 548 708 629 τὰς
731 551 769 618 ἐν
793 545 887 642 αὐτῷ
914 552 1091 639 μονάδας·
1114 551 1157 618 καὶ

141 683 161 726 ο
184 654 258 724 Β
237 682 304 785 αρα
324 655 387 724 τὸν
410 663 442 723 Ε
462 669 576 743 μετρεῖ
595 655 677 723 κατὰ
700 655 760 736 τάς
786 657 824 724 ἐν
852 659 902 749 τῷ
938 666 978 724 A
1008 657 1157 746 μονάδας

107 760 227 831 ῖάστε
251 758 269 829 ὁ
294 757 483 830 ἐλάσσων
468 788 486 830 ο
510 769 539 830 Β
562 759 622 830 τὸν
645 766 781 849 μείζονα
801 758 865 829 τὸν
890 770 928 830 Ε
951 777 1075 855 μετρεῖ
1090 763 1158 832 ιιατά
1197 746 1199 771 Ι

140 894 217 936 τινα
231 865 384 955 ἀριθμὸν
396 873 467 936 τῶν
484 864 707 956 ὑπαρχόντων
726 869 763 936 ἐν
776 880 848 947 τοῖς
866 865 1059 959 ἀνάλογον
1077 870 1159 959 άριθ-

140 988 223 1060 μοῖς

549 1097 745 1186 Πόρισμα.

209 1222 277 1290 Καὶ
309 1220 476 1311 φανερόν,
509 1220 560 1291 ότι
590 1219 634 1309 ἣν
662 1226 728 1311 ἔχει
754 1220 850 1302 τάξιν
878 1219 898 1291 5
937 1229 1080 1314 μετρῶν
1106 1221 1158 1292 άπὸ
1197 1274 1199 1299 ,

91 1346 124 1395 10
143 1327 305 1416 μονάδος,
332 1327 394 1414 τὴν
417 1326 525 1415 αὐτὴν
548 1334 613 1417 ἔχει
636 1331 692 1397 καῖ
716 1326 734 1398 5
762 1325 842 1396 καθ’
879 1325 925 1396 όν
959 1346 1083 1421 μετρεῖ
1105 1328 1158 1398 άπὸ

141 1440 203 1503 τοῦ
218 1433 447 1521 μετρουμένου
461 1435 513 1502 ἐπὶ
527 1433 565 1503 τὸ
580 1433 645 1522 πρό
661 1431 777 1502 αὐτοῦ.
791 1472 833 1484 -
850 1431 938 1523 ὅπερ
957 1442 1031 1506 ἔδει
1057 1439 1159 1519 δεῖξαι.

620 1627 678 1714 ιβ’.
1195 1662 1199 1723 1·

208 1752 295 1821 Ἐὰν
323 1749 397 1821 άπὸ
427 1751 604 1840 μονάδος
627 1749 847 1820 ὁποσοιοῦν
871 1749 1056 1842 άριθμοῖ
1085 1757 1158 1840 ἑξῆς
1195 1728 1199 1829 5

144 1859 346 1946 ἀνάλογον
375 1852 489 1944 οἷσιν,
517 1856 581 1947 ὑφ’
612 1856 717 1927 ὅσων
745 1854 793 1926 άν
823 1854 841 1925 5
866 1863 1043 1946 ἔσχατος
1071 1858 1156 1949 πρά-

91 1983 124 2032 15
145 1992 223 2034 των
255 1963 441 2054 ἀριθμῶν
473 1969 678 2051 μετρῆται,
711 1962 786 2033 ὑπὸ
819 1968 896 2032 τεόν
931 1964 1073 2035 αὐτῶν
1103 1963 1156 2034 καῖ
1196 2010 1199 2075 ρ

145 2071 163 2141 5
187 2071 291 2159 παρὰ
314 2070 387 2157 τὴν
410 2070 565 2157 μονάδα
588 2069 890 2157 μετρηθήσεται.
1197 2078 1199 2087 “

205 2177 377 2245 Ἔστωσαν
410 2173 475 2244 άπὸ
508 2176 656 2262 μονάδος
688 2173 985 2260 ὁποσοιδηποτοῦν
1023 2174 1154 2264 ἀριθμοὶ

145 2283 315 2369 ἀνάλογον
345 2287 380 2351 οἱ
401 2293 447 2368 Α,
466 2290 510 2368 Β,
530 2288 574 2367 Γ,
595 2291 639 2349 A·
668 2284 769 2367 λέγω,
794 2282 844 2349 ότι
867 2278 928 2367 ὑφ’
958 2283 1056 2351 ὅσων
1080 2278 1153 2350 άνὸ

147 2398 179 2456 A
206 2388 347 2475 πρώτων
375 2388 533 2475 ἀριθμῶν
565 2393 737 2475 μετρῆται,
769 2384 835 2454 ὑπὸ
864 2392 933 2455 τῶν
964 2386 1084 2457 αὐτῶν
1109 2387 1153 2455 καὶ

94 2493 165 2571 205
192 2505 222 2562 A
246 2494 497 2581 μετρηθήσεται.

212 2607 412 2688 Μετρείσθω
440 2598 505 2687 γάρ
534 2598 552 2668 5
578 2609 610 2667 A
633 2597 698 2668 ὑπό
722 2625 814 2678 τινος
836 2597 971 2680 πρώτον
1006 2598 1152 2687 ἀριθμοῦ

143 2714 205 2777 τοῦ
233 2716 274 2775 Ε·
302 2709 403 2794 λέγω,
432 2706 483 2775 ότι
511 2704 528 2774 5
559 2714 590 2772 Ε
614 2705 673 2773 τὸν
701 2715 733 2772 Α
761 2718 879 2792 μετρεῖ.
925 2707 971 2792 μὴ
994 2707 1079 2796 γάρ·
1107 2711 1156 2773 καί

145 2818 235 2883 ἐστιν
267 2812 286 2882 5
315 2823 345 2880 E
370 2818 515 2901 πρῶτος,
549 2810 633 2892 ἅπας
666 2813 703 2879 δὲ
735 2817 865 2899 πρῶτος
898 2808 1050 2898 ἀριθμὸς
1080 2811 1153 2899 πρὸς

216 3034 240 3081 2.
261 3025 334 3080 δὲΑ
313 3023 453 3097 Α]δε’φ.
518 3030 542 3080 4.
562 3025 599 3093 τῷ
620 3026 661 3095 A]
681 3019 808 3092 αότῷφ
873 3029 897 3077 8.
916 3020 1096 3093 πόρισμα-
1112 3031 1153 3077 11·

144 3096 199 3166 πρὸ
219 3094 325 3185 αὐτοῦ]
346 3114 400 3150 om.
426 3097 523 3149 Theon
548 3095 660 3165 (Βνφ).
733 3100 757 3149 8.
777 3090 915 3175 πόρισμα]
935 3110 990 3146 om.
1011 3095 1045 3147 P.
1118 3100 1156 3147 11

146 3167 194 3225 ε’πὶ
212 3166 262 3240 τό]
283 3168 394 3254 εοτίμείς
414 3162 486 3220 κατά
506 3164 604 3220 τόνΡ.
647 3160 783 3251 αὐτοῦ]
804 3161 916 3232 scripsi3
941 3158 1036 3218 αὖτοῦ
1057 3186 1095 3227 ως
1111 3161 1157 3218 τὸν

146 3240 220 3296 AP.
314 3245 355 3292 14.
375 3233 461 3325 ὅσων]
486 3254 555 3291 corr.
580 3253 614 3290 ex
637 3227 677 3289 τόν
700 3254 738 3289 m.
757 3252 811 3290 rec.
831 3233 862 3288 Ρ.
955 3240 996 3287 15.
1018 3242 1158 3303 μετρεῖται

145 3313 236 3380 BVq2.
325 3316 367 3364 17.
386 3306 592 3376 ὁσοιδηποτοῦν
610 3307 700 3376 BVQ.
788 3312 829 3361 18.
848 3300 905 3358 ὑπὸ
925 3299 981 3358 ὅσω
1000 3305 1044 3375 Ρ,
1065 3327 1082 3359 ν
1100 3305 1158 3360 add.

145 3401 181 3436 m.
201 3399 256 3435 rec.
314 3387 353 3435 19.
381 3385 523 3450 μετρεῖται
545 3379 616 3464 Vq).
674 3383 717 3432 22.
737 3373 799 3447 τόν]
819 3376 867 3431 καὶ
894 3373 944 3429 τόν
952 3349 1044 3460 Vm
1062 3380 1102 3444 οῖ,
1131 3377 1160 3428 οῖ

145 3453 271 3520 uidetur,
299 3453 321 3504 B
348 3469 384 3505 m.
415 3467 469 3505 τοο.
517 3445 555 3519 μὴ
584 3446 638 3518 γάρ
669 3445 841 3518 μετρείτω
830 3467 845 3501 ο
874 3449 899 3499 Ε
930 3441 981 3500 τὸν
1015 3453 1040 3500 A
1069 3447 1162 3503 Theon
