2514 4012
135 202 202 267 408
519 198 783 255 τεοιαωιοαα.

137 357 207 422 τοῖς
235 352 283 427 A,
303 349 381 429 ΒΓ,
402 353 446 410 A·
479 347 570 411 ἔστιν
598 340 664 431 άρα
691 339 735 421 ὡς
763 338 782 408 5
810 345 888 409 ΓΗ
919 340 1016 431 πρὸς
1046 342 1113 412 τὸν
1138 352 1177 428 A,

139 447 245 528 οὕτως
273 446 291 517 5
321 456 384 516 ΒΘ
407 447 490 537 πρὸς
511 447 592 528 τοὺς
617 457 664 533 A,
683 453 760 533 ΒΓ,
779 455 820 517 A.
865 453 967 517 ἔστιν
993 447 1067 539 ἄρα
1091 447 1175 536 ύςὴ

138 560 198 624 τοῦ
232 557 392 643 δευτέρου
421 553 567 644 ὑπεροχὴ
601 553 683 643 πρὸς
713 552 775 622 τὸν
807 557 969 642 πρῶτον,
1010 558 1125 638 οὕτως
1154 555 1172 642 ἡ

138 667 200 731 τοῦ
228 664 369 749 ἐσχάτου
396 658 543 750 ὑπεροχὴ
571 659 654 749 πρὸς
681 659 760 740 τοὺς
782 658 847 749 πρὸ
874 661 1009 731 ἑαυτοῦ
1035 666 1172 743 πάντας·

105 787 121 834 ο
142 768 222 857 ὅπερ
247 772 314 836 ἔδει
339 769 452 848 δεῖξαι.

618 893 680 963 λς’.

206 1015 294 1085 Ἐὰν
322 1013 396 1084 άπὸ
425 1017 601 1103 μονάδος
625 1013 845 1084 ὁποσοιοῦν
873 1014 1056 1103 άριθμοὶ
1086 1020 1170 1105 ἑξῆς

143 1125 362 1191 ἐκτεθῶσιν
404 1126 445 1190 ἐν
481 1128 526 1211 τῇ
569 1128 801 1191 διπλασίονι
839 1121 1063 1216 ἀναλογίᾳ,
1102 1127 1168 1202 ἕως

143 1221 189 1297 05
218 1227 234 1296 5
270 1231 421 1315 σύμπας
459 1230 669 1310 συντεθεὶς
700 1233 852 1317 πρῶτος
883 1232 1074 1317 γένηται,
1107 1232 1167 1298 καὶ

89 1335 161 1405 1οὁ
191 1337 345 1421 σύμπας
373 1335 437 1402 ἐπὶ
464 1334 533 1404 τὸν
567 1342 732 1423 ἔσχατον
765 1337 1169 1416 πολλαπλασιασθεὶς

142 1445 235 1529 ποιῇ
260 1467 364 1527 τινα,
388 1440 406 1508 ὁ
430 1443 648 1528 γενόμενος
670 1443 821 1522 τέλειος
845 1447 965 1510 ἔσται.

208 1545 286 1615 Ἀπὸ
306 1545 370 1632 γὰρ
391 1549 540 1633 μονάδος
554 1552 782 1617 ἐκκείσθωσαν
798 1546 1053 1634 ὁσοιδηποτοῦν
1073 1547 1167 1636 άρνθ·

143 1655 201 1742 μοὶ
234 1656 270 1721 ἐν
300 1657 339 1741 τῇ
374 1660 565 1722 διπλασίονι
599 1653 780 1745 ἀναλογία,
814 1656 875 1734 ἕως
908 1646 951 1722 οὗ
984 1655 1003 1722 5
1037 1657 1168 1743 σύμπας

145 1761 319 1840 συντεθεὶς
351 1764 481 1847 πρῶτος
511 1762 663 1848 γένηται,
697 1765 732 1828 oc
757 1770 804 1847 A,
823 1768 868 1845 Β,
887 1767 925 1846 Γ,
946 1769 995 1846 A,
1031 1762 1092 1828 καὶ
1123 1765 1167 1852 τῷ

92 1881 125 1929 15
145 1867 312 1952 σύμπαντι
345 1876 417 1946 ίσος
449 1873 532 1935 ἔστω
563 1865 581 1936 5
611 1877 658 1955 E,
691 1869 746 1936 καὶ
779 1865 798 1935 5
826 1875 857 1935 Ε
886 1866 948 1935 τὸν
982 1875 1017 1934 Δ
1047 1875 1169 1936 πολλα-

145 1973 329 2053 πλασιάσας
352 1972 410 2042 τὸν
431 1980 499 2041 ΖΗ
516 1981 660 2043 ποιείτω.
701 1976 798 2060 λέγω,
827 1971 877 2041 ὅτι
902 1970 919 2040 5
950 1979 1024 2040 ΖΗ
1044 1974 1170 2054 τέλειός

146 2083 245 2149 ἐστιν.

204 2185 299 2254 Ὅσοι
322 2189 388 2274 γάρ
412 2194 499 2255 εἰσιν
523 2191 558 2254 οί
578 2196 626 2273 A,
645 2196 685 2273 B,
705 2193 743 2273 Γ,
764 2196 797 2254 A
819 2191 864 2277 τῷ
888 2188 1024 2272 πλήθει,
1050 2191 1169 2255 τοσού-

145 2320 197 2362 τοι
225 2292 290 2361 άπὸ
316 2303 376 2359 τοῦ
400 2301 432 2358 Ε
453 2294 673 2379 εἰλήφθωσαν
699 2297 735 2361 ἐν
763 2298 801 2381 τῇ
827 2297 1020 2360 διπλασίονι
1047 2292 1169 2361 άναλο-

94 2406 204 2488 λογίαι
232 2403 267 2466 οί
292 2406 336 2481 Ε,
359 2406 441 2482 ΘΚ,
465 2405 512 2484 A,
538 2408 589 2466 Μ·
619 2398 663 2467 δι’
695 2409 772 2467 ίσου
800 2399 864 2485 ἄρα
893 2401 984 2466 ἐστὶν
1013 2397 1062 2479 ὡς
1092 2398 1110 2468 5
1139 2410 1170 2468 A
1214 2478 1217 2487 Ι

146 2504 230 2593 πρὸς
249 2503 309 2573 τὸν
336 2513 378 2588 A,
403 2505 509 2582 οὕτως
533 2502 550 2572 5
575 2514 606 2572 Ε
627 2505 710 2592 πρὸς
733 2505 792 2574 τὸν
817 2513 863 2573 Μ
906 2502 924 2571 5
948 2503 1014 2591 άρα
1041 2510 1079 2573 ἐκ
1103 2511 1170 2575 τῶν

147 2622 192 2700 E,
223 2623 255 2680 A
285 2621 356 2691 ίσος
385 2612 453 2678 ἐστὶ
481 2616 526 2703 τῷ
557 2615 592 2679 ἐκ
619 2617 688 2680 τῶν
716 2622 765 2698 Α,
790 2620 836 2679 Μ
882 2617 940 2677 καί
967 2613 1061 2679 ἐστιν
1092 2611 1110 2680 5
1135 2617 1171 2681 ἐκ

146 2726 214 2789 τῶν
238 2729 282 2806 Ε,
307 2729 340 2787 A
364 2715 381 2786 5
408 2725 486 2785 ZH·
510 2719 566 2784 καὶ
595 2717 613 2785 5
645 2722 679 2786 ἐκ
709 2722 776 2786 τῶν
800 2727 846 2802 Α,
871 2724 916 2786 Μ
933 2716 1000 2804 άρα
1028 2719 1124 2787 ἐστὶν
1152 2717 1171 2786 5

148 2833 222 2894 ZH.
262 2825 280 2893 5
308 2836 339 2893 A
370 2826 435 2912 άρα
463 2824 523 2892 τὸν
548 2832 590 2890 M
617 2825 908 2903 πολλαπλασιάσας
935 2823 996 2890 τὸν
1021 2831 1097 2892 ΖΗ
1116 2850 1171 2892 πε-

95 2954 130 3001 25
149 2939 300 3019 ποίηκεν·
330 2931 348 2999 5
378 2939 419 2998 Μ
447 2931 513 3019 ἅμα
541 2929 601 2999 τὸυ
630 2938 701 2998 ΖΗ
726 2943 839 3017 μετρεῖ
863 2928 945 2996 κατὰ
973 2928 1032 3008 τὰς
1063 2933 1102 2998 ἐν
1125 2936 1178 3024 τῷ·

221 3121 243 3166 1
265 3106 460 3179 ἐστναρα
476 3115 504 3162 2
525 3115 563 3176 A
579 3113 644 3177 ΒΓ,
658 3110 702 3191 Α]
728 3125 781 3162 om
805 3126 831 3176 q
871 3107 1040 3191 1.ΓΗ]Ρ;
1063 3109 1171 3173 HBF3

147 3188 207 3237 ΒΗ
222 3183 283 3235 BV
357 3189 382 3236 2.
402 3179 478 3266 ΕΘ]
496 3184 520 3233 Ε
539 3180 750 3269 ρμεὶεαίοεετι.
771 3181 801 3236 F.
873 3173 955 3247 τούς]
977 3195 1031 3230 om
1051 3179 1083 3232 F.
1146 3186 1171 3235 4.

148 3249 326 3314 άπανταςΓ
417 3258 441 3307 5
462 3271 532 3319 οπερ
552 3250 611 3304 ἔδει
631 3252 739 3321 δεῖξαι]
761 3268 814 3306 om.
834 3250 888 3316 Bq
980 3249 1050 3301 Post
1077 3251 1171 3314 δεῖξαι

147 3326 177 3378 in
204 3326 226 3378 P
256 3324 320 3379 add.
344 3324 392 3376 lin.
417 3329 476 3376 7-
488 3329 535 3376 21:
563 3318 613 3375 τὸν
641 3327 677 3376 Μ
696 3340 760 3376 oum
779 3321 946 3390 quibusdam
970 3318 1173 3388 discrepantiis

148 3398 219 3467 (PU)
244 3396 309 3450 dein
329 3392 464 3481 περιττὸν
489 3389 587 3479 ἐχέτω,
613 3396 641 3447 et
660 3392 760 3479 deipde
787 3412 813 3461 p.
833 3397 898 3458 404,
919 3397 983 3444 ’ί-
1000 3397 1033 3443 19
1054 3392 1174 3462 (P)‚in

148 3485 203 3553 mg.
224 3462 355 3553 περιττόν
376 3464 429 3519 et
421 3484 450 3518 1n
469 3466 524 3519 fine
548 3460 579 3519 τὸ
604 3461 735 3552 περιττὸν
758 3465 842 3517 τοῦτο
866 3459 980 3531 σφάλμα
1002 3457 1090 3516 ἐστίν.
1148 3470 1173 3517 9.

149 3535 260 3607 σύμπας
279 3535 330 3592 σὺν
349 3538 383 3607 τῇ
404 3532 555 3606 μονάδιΓ
618 3543 659 3590 11.
681 3533 759 3589 ἔσται
777 3535 927 3601 τὲλειοςα
993 3538 1036 3587 12.
1057 3528 1174 3602 ὁσοιδη-
