2514 4012
138 201 208 267 212
530 202 731 254 nomm
751 197 785 265 ζ’.

138 350 199 412 καί
226 346 317 412 ἐστιν
345 352 422 411 ἴσον
449 342 488 411 τὸ
517 347 648 428 πλῆθος
676 347 745 410 τῶν
768 349 852 429 ΒΗ,
871 346 944 411 ΗΓ
961 344 1009 437 τῷ

139 454 209 519 τῶν
242 458 320 537 ΕΘ,
344 458 421 537 ΘΖ,
454 448 472 519 6
506 449 574 536 ἄρα
606 451 707 537 μέρος
738 450 829 517 ἐστὶν
862 447 881 518 6
910 454 987 519 BH

138 551 162 643 ἢ
190 555 289 644 μέρη,
320 555 359 624 τὸ
387 553 470 624 αὐτὸ
504 555 605 642 μέρος
632 556 701 624 ἐστὶ
733 556 789 622 καὶ
818 551 836 623 6
865 560 940 623 ΗΓ
961 576 1002 625 ω

139 662 180 730 τὰ
214 661 300 732 αὐτὰ
332 661 428 750 μέρη·
462 660 546 731 ὥστε
579 663 634 729 καὶ
663 660 680 729 6
711 661 812 748 μέρος
839 660 932 729 ἐστὶν
958 656 980 731 6

106 777 205 838 δΕΘ
232 766 252 857 ἢ
282 771 382 858 μέρη,
412 769 450 838 τὸ
480 766 562 837 αὐτὸ
595 771 697 855 μέρος
724 770 794 837 ἐστὶ
825 769 882 835 καὶ
909 786 997 837 om

142 872 161 943 6
189 881 255 945 ΒΓ
279 878 538 963 συναμφοτέρου
565 878 627 943 τοῦ
651 882 714 942 ΕΖ
737 871 818 960 ἢτοὶ
843 870 931 943 αὐτὰ
952 874 998 965 μέ

142 980 181 1049 δὲ
209 977 228 1049 6
258 980 551 1073 μέυΒΗτῷΑ,
580 978 598 1048 6
629 981 821 1071 δέΕΘτῷ
847 988 894 1047 Δ·
923 976 994 1049 Η

142 1088 234 1156 ἐστὶν
263 1084 281 1154 6
310 1097 343 1155 A
369 1091 431 1155 τοῦ
461 1096 494 1155 Δ
521 1084 542 1173 ἣ
575 1089 673 1174 μέρη,
706 1087 745 1156 τὸ
774 1084 856 1156 αὐτὸ
886 1086 987 1176 μέρος

143 1191 161 1263 6
186 1200 254 1262 ΒΓ
271 1199 334 1263 τοῦ
358 1201 421 1262 ΕΖ
445 1190 466 1280 ἢ
491 1193 531 1261 τὰ
557 1191 642 1262 αὐτὰ
668 1196 765 1282 μέρη·
790 1191 871 1281 ὅπερ
895 1197 965 1263 ἔδει

91 1412 146 1461 10·
636 1390 672 1457 ι’.

208 1511 297 1582 Ἐὰν
329 1512 503 1601 ἀριθμὸς
530 1513 709 1602 ἀριθμοῦ
741 1515 837 1603 μέρη
870 1507 907 1603 ᾖ,
939 1538 980 1581 κο
1011 1586 1014 1591 ,

144 1620 281 1706 ἑτέρου
307 1619 353 1688 τὰ
383 1619 482 1690 αὐτὰ
516 1622 611 1707 μέρη
639 1612 677 1708 ᾖ,
711 1621 775 1687 καὶ
805 1616 974 1701 ἐναλλάξ
1004 1694 1018 1707 ἦ

144 1726 254 1794 ἐστὶν
282 1724 300 1796 6
329 1739 482 1815 πρῶτος
509 1730 580 1795 τοῦ
609 1731 745 1813 τρίτου
773 1722 793 1812 ἢ
828 1726 962 1815 μέρος,

144 1834 241 1921 μέρη
270 1838 380 1902 ἔσται
406 1833 474 1901 καὶ
503 1830 521 1900 6
546 1831 734 1919 δεύτερος
756 1836 826 1899 τοῦ
856 1828 970 1919 τετέρ

93 1953 126 2002 15
146 1936 244 2008 αὐτὸ
268 1943 395 2027 μέρος.

209 2044 370 2134 Ἀριθμὸς
396 2045 462 2136 γὰρ
491 2043 509 2114 6
539 2054 604 2114 AB
634 2045 785 2133 ἀριθμοῦ
812 2050 874 2114 τοῦ
901 2050 935 2114 Γ
990 2100 998 2111 .

145 2153 201 2221 καὶ
225 2156 336 2241 ἕτερος
358 2151 376 2221 6
402 2161 473 2221 ΔΕ
494 2153 694 2239 ἑτέρουτοῦ
717 2161 745 2220 Ζ
768 2152 808 2220 τὰ
834 2149 918 2219 αὐτὰ
943 2180 964 2240 μ

146 2258 198 2327 ὅτι
221 2260 277 2327 καὶ
301 2259 457 2346 ἐναλλάξ,
481 2256 502 2326 ἃ
526 2261 608 2346 μέρη
634 2259 725 2327 ἐστὶν
750 2258 767 2327 6
792 2267 856 2326 AB
880 2262 942 2327 τοῦ

147 2393 221 2452 ρος,
253 2364 294 2433 τὰ
323 2364 408 2433 αὐτὰ
436 2367 519 2453 μέρη
549 2366 618 2434 ἐστὶ
646 2367 701 2433 καὶ
729 2364 747 2433 6
777 2377 806 2432 Γ
829 2370 890 2434 τοῦ
918 2373 946 2435 Ζ
977 2450 981 2455 ,

94 2494 129 2543 2ο
148 2473 256 2560 μέρος.
994 2466 999 2473 ’

212 2577 301 2647 Ἐπεὶ
329 2579 410 2666 γάρ,
440 2577 460 2646 ἃ
490 2582 571 2667 μέρη
602 2580 694 2647 ἐστὶν
723 2576 740 2646 6
769 2587 834 2646 AB
862 2581 925 2646 τοῦ
952 2642 956 2647 .
1010 2586 1015 2595 “

148 2686 231 2775 μέρη
265 2687 334 2754 ἐστὶ
362 2686 418 2753 καὶ
447 2682 465 2753 6
495 2692 565 2752 ΔΕ
590 2688 651 2751 τοῦ
680 2692 722 2770 Ζ,
753 2683 815 2751 ὅσα
843 2684 910 2772 ἄρα
937 2688 953 2754 ἐ

149 2799 215 2859 ΑΒ
243 2793 326 2877 μέρη
354 2794 417 2858 τοῦ
440 2797 478 2876 Γ,
509 2800 653 2857 τοσαῦτα
681 2790 737 2856 καὶ
766 2793 803 2858 έυ
830 2795 876 2881 τῷ
901 2799 952 2860 Δ]
989 2794 996 2803 “

150 2905 187 2964 Ζ.
233 2895 410 2984 διῃρήσθω
434 2892 452 2962 6
476 2895 538 2980 μὲν
561 2903 626 2962 ΑΒ
650 2899 697 2973 εἰς
719 2896 759 2961 τὰ
782 2899 843 2962 τοῦ
867 2901 900 2962 Γ
921 2924 952 2984 μ.
998 2910 1033 2935 “·

96 3028 130 3078 25
150 3010 229 3088 ΗΒ,
254 3000 272 3070 6
296 3002 334 3070 δὲ
358 3009 428 3070 ΛΕ
450 3004 497 3080 εἰς
519 3002 558 3068 τὰ
582 3005 642 3068 τοῦ
667 3009 694 3069 Ζ
718 3003 800 3088 μέρη
824 3000 949 3072 τὰΛΘ
1001 2996 1018 3037 ³

223 3189 247 3237 2.
268 3181 345 3305 EQ
362 3197 431 3235 corr.
452 3196 486 3234 ex
505 3183 556 3233 ΕΖ
574 3198 611 3233 m.
633 3189 647 3235 1
667 3180 696 3235 F.
787 3187 812 3235 4.
832 3174 918 3251 ὥστε]

152 3261 177 3310 7.
198 3252 247 3324 δέ]
268 3250 304 3322 δή
348 3295 354 3307 .
448 3257 489 3306 12.
508 3243 543 3323 ᾗ]
563 3252 598 3316 Ρς
618 3269 671 3307 om.
692 3251 806 3320 BFVp.
899 3257 941 3308 13.

152 3325 208 3379 del.
232 3326 288 3378 καί.
381 3320 481 3395 μέρος]
507 3339 576 3377 corr.
601 3339 635 3378 ex
662 3321 733 3391 μέρη
756 3342 783 3392 p.
876 3329 945 3377 14.:

152 3397 218 3467 καί]
247 3414 283 3450 m.
308 3401 324 3450 2
348 3393 380 3447 F.
472 3400 514 3450 16.
539 3395 606 3466 AB]
629 3394 704 3448 inter
727 3400 749 3447 A
774 3395 846 3448 ew
870 3395 992 3465 duae.-

154 3465 241 3537 ἔστω]
267 3487 301 3535 φ,
327 3464 423 3521 Savum?
449 3465 480 3519 F.
554 3471 595 3519 17.
621 3465 688 3518 Post
711 3463 781 3533 μέρη
807 3465 871 3519 add.
894 3463 943 3519 BF

154 3535 197 3605 (δέ
216 3556 252 3591 m.
273 3543 289 3591 2
308 3538 344 3604 F3
369 3530 491 3590 ἐλάττων
513 3535 546 3590 δὲ
572 3533 640 3590 ἔστω
664 3535 699 3603 Β)
719 3532 734 3588 6
754 3540 804 3589 AB
822 3536 873 3590 τοῦ
893 3538 967 3590 Af:
