2514 4012
349 173 626 227 mnnnmonun
643 172 753 227 umen
771 175 806 228 u
1024 171 1087 239 161

140 317 230 405 Ergo
258 317 293 382 in
319 317 494 405 triangulis
518 317 735 404 acutiangulis
759 317 952 402 quadratum
975 317 1088 385 lateris

70 425 134 492 sub
158 427 254 491 acuto
278 424 400 511 angulo
424 424 650 490 subtendentis
671 424 836 510 quadratis
855 423 995 491 latorum
1015 445 1090 490 acu·

70 537 143 598 tum
162 531 318 618 angulum
336 530 677 616 comprehendentium
695 530 803 596 minus
821 534 873 596 ast
889 530 989 616 duplo
1008 535 1089 599 rect-

71 639 194 726 angulo
231 638 463 723 comprehenso
499 638 543 704 ab
571 639 674 704 altaro
702 639 841 704 laterum
873 641 1003 704 acutum
1035 660 1090 704 an-

70 747 187 832 gulum
205 744 558 831 comprehendentium,
580 765 620 811 eo
639 744 772 830 scilicet,
793 744 829 809 in
849 745 934 830 quod
952 764 1088 830 perpen-

71 853 226 919 dicularis
249 851 345 935 cadit,
378 855 411 917 et
432 854 522 917 recta
545 874 565 916 a
587 850 846 936 perpendiculari
868 850 910 916 ad
932 852 1088 938 angulum

71 963 207 1026 acutum
229 959 317 1025 intra
340 958 481 1044 abscisa3
506 958 593 1044 quod
616 961 687 1024 erat
709 957 1004 1025 demonstrandum.

536 1153 624 1220 XIV.

138 1275 341 1355 Quadratum
368 1278 463 1345 datae
491 1279 613 1364 figurae
637 1277 825 1344 rectilineae
850 1276 983 1364 aequale
1006 1296 1084 1345 con·

70 1392 205 1453 struere.

140 1491 192 1559 Sit
214 1493 291 1560 data
312 1493 417 1578 ligura
439 1490 608 1557 rectilinea
626 1496 666 1557 A.
693 1493 825 1576 oportet
841 1490 943 1576 igitur
960 1491 1085 1577 figurae

71 1600 259 1666 rectilineae
282 1605 314 1664 A
337 1599 471 1683 aequale
494 1597 690 1684 quadratum
712 1601 908 1664 construere.

135 1711 342 1774 construatur
360 1706 446 1772 enim
465 1705 587 1791 figurae
610 1704 796 1771 rectilineae
811 1710 843 1769 A
861 1704 996 1790 aequale
1016 1725 1088 1789 par-

71 1813 356 1899 allelogrammum
388 1811 614 1896 rectangulum
646 1815 715 1876 ΒΔ
746 1810 790 1896 [1,
808 1810 876 1893 45].
929 1809 1089 1897 eiigitur

71 1924 140 1986 BE
152 1949 195 1973 ι-
210 1924 288 2006 ΒΔ,
310 1919 458 1984 effectum
481 1918 553 2002 erit,
576 1918 661 2004 quod
679 1918 885 2003 propositum
903 1921 981 1984 erat
1013 1938 1087 1984 con·

71 2031 235 2094 structum
277 2027 363 2091 enim
410 2028 461 2091 est
500 2024 695 2110 quadratum
727 2027 796 2089 ΒΔ
831 2023 928 2090 datae
954 2025 1088 2123 'figurae

70 2133 259 2199 rectilineae
278 2139 310 2197 A
334 2133 476 2217 aequale.
518 2131 568 2196 sin
593 2131 713 2215 minus,
746 2132 902 2197 alterutra
924 2135 1088 2196 rectarum

450 2242 523 2322 ΒΒ,
537 2242 607 2302 ΒΔ
621 2238 725 2303 maior
739 2242 796 2303 est.
825 2239 870 2303 sit
892 2239 996 2303 maior
1014 2242 1088 2323 ΒΒ,

336 2330 362 2390 θ
451 2348 484 2408 et
514 2343 711 2429 producatur
744 2344 785 2408 ad
809 2348 848 2428 Z,
883 2347 916 2408 et
948 2349 1089 2429 ponatur

181 2383 409 2604 'lb
450 2454 667 2534 EZ=EA‚
696 2453 729 2515 et
751 2454 813 2515 ΒΖ
837 2451 871 2516 in
894 2455 933 2516 H
952 2453 1090 2518 induas

47 2620 48 2625 ,
136 2376 412 2736 18‘
448 2560 560 2642 partes
584 2557 733 2642 aequales
758 2560 883 2622 secetur
908 2556 945 2642 [Ι,
967 2559 1033 2642 10],
1057 2562 1090 2623 et

151 2738 183 2790 [r

450 2667 560 2728 centro
594 2667 632 2727 H
661 2662 752 2728 radio
785 2667 894 2729 autem
931 2664 1088 2729 alterutra

316 2737 346 2794 Δ
447 2774 611 2835 rectarum
643 2773 726 2853 ΗΒ,
761 2768 831 2834 ΗΖ
868 2770 1087 2835 semicirculus

70 2878 274 2944 describatur
296 2881 406 2963 ΒΘΖ,
435 2882 469 2942 et
491 2876 690 2961 producatur
714 2881 784 2941 ΔΕ
806 2876 847 2942 ad
870 2881 915 2963 Θ,
938 2882 971 2942 et
994 2876 1090 2942 duca-

69 2988 125 3050 tur
148 2986 227 3049 ΗΘ.

138 3091 204 3156 iam
236 3092 390 3175 qnoniam
419 3094 508 3156 recta
531 3094 593 3155 ΒΖ
617 3089 652 3154 in
679 3094 789 3175 partes
818 3088 968 3174 aequales
996 3094 1086 3155 secta

143 3335 216 3391 XIV.
241 3335 366 3406 Simplic.
390 3336 420 3391 in
438 3336 523 3392 Arist.
543 3336 578 3392 de
597 3336 808 3401 coel.fol.101;
835 3334 872 3393 id.
891 3334 922 3390 in
939 3334 1020 3406 phys.
1038 3334 1090 3391 fol.

71 3414 135 3475 1²⁰3
155 3413 198 3462 14.
235 3406 350 3463 Boetius
368 3428 395 3479 p.
410 3413 470 3476 386,
481 3415 524 3463 23.

126 3632 277 3684 Euclides,
292 3631 342 3673 edd.
352 3632 454 3683 Helberg
469 3636 491 3673 at
504 3633 593 3682 Menae.
843 3629 874 3677 ll
963 3613 968 3619 ⁵
