2514 4012
388 200 662 253 mnunuuouuu
680 201 789 250 muna
806 200 866 254 vn.
1072 199 1136 263 187

192 345 242 411 10.
264 344 438 428 Impariter
470 347 589 431 autem¹
611 343 717 428 impar
752 364 904 407 numerus
941 349 1003 428 est,
1041 366 1136 429 quem

122 455 228 535 impar
255 440 416 517 'numerus
454 451 630 516 secundum
666 451 825 534 imparem
861 471 1030 515 numerum
1070 472 1135 516 me·

121 560 209 623 titur.

190 666 240 731 11.
263 665 393 729 Primus
425 685 578 729 numerus
612 666 674 747 est,
706 683 803 747 quem
833 661 944 727 unitas
974 663 1043 727 sola
1070 685 1135 729 me-

121 771 211 836 titur.

192 879 241 942 12.
265 877 368 942 Primi
390 877 476 942 inter
500 898 534 941 se
557 876 682 940 numeri
706 879 796 960 sunt,
824 897 905 962 quos
933 876 1041 942 unitas
1066 876 1137 941 sola

123 985 302 1048 communis
326 1005 476 1049 mensura
498 983 641 1047 metitur.

190 1092 239 1156 13.
263 1089 470 1175 Compositus
498 1111 650 1154 numerus
678 1092 741 1173 est,
770 1111 866 1173 quem
894 1110 1048 1154 numerus
1079 1088 1135 1153 ali-

124 1198 195 1280 quis
219 1198 313 1261 metit
352 1246 358 1260 .

189 1304 239 1367 14.
264 1301 445 1386 Compositi
468 1303 554 1366 inter
573 1323 607 1366 se
625 1302 751 1366 numeri
770 1305 855 1386 sunt,
879 1323 960 1386 quos
978 1322 1133 1367 numerus

123 1410 240 1493 aliquis
265 1408 445 1474 communis
469 1430 620 1473 mensure
644 1409 784 1472 metitur.

191 1514 241 1579 15.
264 1514 428 1580 Numerus
460 1535 631 1578 numerum
664 1514 879 1598 multiplicare
911 1514 1043 1598 dicitur,
1079 1515 1135 1580 ubi

122 1623 201 1704 quot
224 1621 356 1684 suntin
380 1641 418 1686 co
441 1621 598 1704 unitates,
626 1621 724 1685 toties
747 1621 954 1705 componitur
981 1641 1135 1685 numerus

121 1725 372 1809 multiplicatus,
395 1729 428 1790 et
450 1727 554 1791 oritur
577 1727 695 1812 aliquis
718 1747 880 1792 numerus.

189 1833 239 1896 16.
263 1831 329 1896 Ubi
353 1836 462 1897 autem
486 1832 549 1899 duc
572 1833 699 1898 numeri
721 1833 807 1898 inter
826 1854 861 1921 se
879 1831 1134 1918 multiplicantes

119 1959 291 2003 numerum
310 1938 451 2023 aliquem
471 1939 624 2022 efficiunt,
642 1961 796 2025 numerus
814 1939 889 2005 inde
908 1942 998 2004 crtus
1016 1939 1134 2024 planus

120 2046 271 2128 uocatur,
302 2044 407 2109 latera
440 2050 548 2111 autem
581 2046 648 2111 eius
680 2046 806 2111 numeri
838 2046 923 2110 inter
957 2067 992 2111 se
1024 2045 1134 2110 multi·

119 2150 288 2234 plicantes.

189 2258 239 2322 17.
263 2257 329 2323 Ubi
353 2261 461 2322 autem
484 2261 551 2322 tres
575 2258 702 2323 numeri
720 2259 807 2325 inter
825 2281 859 2324 se
878 2258 1133 2342 multiplicantes

120 2371 290 2427 numerum
322 2363 461 2448 aliquem
486 2363 644 2447 efficiunt,
671 2385 824 2429 numerus
847 2364 922 2429 inde
945 2369 1035 2430 ortus
1060 2365 1133 2430 soli·

120 2470 179 2534 dus
212 2473 275 2554 est,
304 2471 408 2534 latera
440 2473 548 2535 autem
581 2471 649 2534 eius
682 2471 808 2535 numeri
839 2471 924 2536 inter
959 2493 993 2536 se
1025 2471 1133 2535 multi-

116 2575 285 2659 plicantes.

186 2682 235 2746 18.
261 2681 445 2758 Quadratus
482 2703 634 2746 numerus
672 2687 722 2747 est
760 2683 938 2766 aequaliter
974 2684 1128 2768 aequalis,

118 2788 186 2851 siue
233 2787 289 2871 qui
334 2788 458 2853 duobus
506 2787 692 2871 aequalibus
738 2789 880 2853 numeris
926 2788 1133 2873 comprehen-

117 2893 213 2958 ditur.

119 3154 173 3191 om.
192 3138 225 3190 V.
309 3143 333 3191 8.
353 3137 385 3192 δὲ
405 3135 474 3207 πρός
492 3138 521 3195 P.
605 3146 646 3195 14.
666 3137 902 3207 πολοπλασιοὶζειν
925 3139 1007 3210 PBp.
1090 3147 1131 3194 16.

117 3207 440 3279 πολλαπλασιαζόμενος]
466 3207 596 3280 -ζόμενος
615 3227 630 3265 e
650 3228 719 3267 corr.
743 3229 779 3264 m.
800 3217 815 3265 2
835 3229 862 3281 p.
954 3217 995 3266 18.
1015 3211 1132 3265 ποιῶσιν

118 3277 179 3332 ΡΒ.
253 3285 295 3334 22.
315 3281 433 3334 ποιῶσιν
452 3281 482 3334 Β.
556 3276 642 3352 ἔστιν]
663 3281 698 3350 Il,
718 3299 807 3351 comp.
827 3301 861 3352 p:
886 3275 944 3336 ἐστι
962 3283 993 3351 Ρ,
1012 3282 1132 3348 Psellus3

120 3353 248 3404 καλεῖται
266 3349 328 3405 BV.
402 3357 443 3405 23.
465 3349 553 3420 Supra
573 3350 603 3406 oi
617 3352 648 3406 in
666 3351 688 3404 P
703 3371 738 3408 m.
758 3368 813 3409 rec.
833 3346 894 3407 δύο.
