2514 4012
365 191 639 245 ELEMENTORUM
657 192 807 244 LIBERI.
1049 187 1091 253 21

144 477 186 542 In
213 475 388 560 triangulis
416 477 623 560 aequicruriis
653 477 765 562 anguli
794 476 834 541 ad
861 477 966 542 basim
994 476 1096 561 positi

75 587 166 650 inter
193 605 229 649 se
252 582 402 667 aequales
427 585 515 668 sunt,
539 587 571 648 et
593 583 760 667 productis
783 583 880 648 rectis
905 583 1095 669 aequalibus

79 691 197 778 auguli
221 690 280 756 sub
302 687 376 755 basi
397 689 497 773 positi
520 689 606 754 inter
630 711 664 755 se
688 690 839 774 aequales
863 693 966 754 erunt.

148 796 200 863 Sit
217 794 402 882 triangulus
417 797 636 880 aequicrurius
650 799 755 862 ΑΒΓ
763 797 887 861 habeus
901 800 967 861 AB
976 800 1057 859 =A
1061 797 1097 878 Γ,

402 903 434 964 et
456 906 676 990 producantur
695 909 774 988 ΑΒ,
790 905 857 968 ΑΓ
875 904 909 967 iu
932 902 1097 985 directum,

398 1018 437 1078 ut
456 1014 538 1078 fiant
551 1015 579 1075 Β
590 1015 633 1090 Δ,
652 1013 719 1076 ΓΕ.
763 1009 844 1094 dieo,
867 1031 939 1075 esse

595 1124 616 1192 L
640 1118 744 1181 ΑΒΓ
754 1147 796 1169 =
812 1119 911 1181 ΑΓΒ

402 1232 435 1292 et
459 1234 479 1303 L
502 1228 603 1291 ΓΒΔ
618 1255 659 1277 =
676 1225 781 1288 ΒΓΕ.
934 1298 938 1314 k

311 1334 346 1391 Ι*
472 1330 626 1397 Sumatur
662 1329 749 1393 enim
786 1329 820 1392 in
859 1333 928 1393 BA
960 1328 1098 1413 quoduis

338 1451 369 1514 π
399 1441 556 1525 punctum
581 1442 621 1520 Z,
653 1438 686 1500 et
710 1458 729 1499 a
749 1435 872 1501 maiore
892 1439 963 1500 ΑΒ
979 1435 1098 1500 minori

399 1552 431 1611 A
438 1550 466 1610 Z
487 1544 632 1629 aequalis
662 1543 871 1608 abscindatur
894 1545 969 1605 ΑΗ
993 1540 1098 1625 [prop.

84 1636 119 1694 Δ
337 1635 373 1697 D
399 1651 473 1736 111]‚
491 1655 524 1715 et
546 1650 705 1715 ducantur
729 1652 800 1732 ΖΓ,
823 1653 891 1713 ΗΒ
914 1651 1031 1713 rectae.

148 1757 216 1822 iam
230 1756 383 1840 quoniam
394 1762 459 1823 ΑΖ
473 1789 515 1811 =
531 1760 603 1822 ΑΗ
611 1760 645 1821 et
660 1760 725 1820 AB
740 1785 782 1808 =
798 1758 872 1839 ΑΓ,
891 1754 972 1819 duae
990 1757 1098 1818 rectae

79 1869 161 1948 ZA,
184 1864 255 1927 ΑΓ
268 1862 392 1929 duabus
406 1868 492 1947 HA,
512 1868 576 1929 AB
591 1863 742 1948 aequales
765 1865 843 1927 sunt
866 1862 968 1927 altera
992 1860 1098 1948 alteri;

79 1975 114 2036 et
139 1969 297 2056 angulum
321 1991 524 2036 communem
548 1969 825 2055 comprehendunt
848 1971 960 2033 ΖΑΗ.
988 1967 1098 2050 itaque

79 2079 202 2142 ZP=
217 2080 286 2141 ΗΒ
309 2080 341 2141 et
359 2075 394 2145 Δ
409 2080 564 2142 ΑΖΓε
580 2078 701 2160 ΑΗΒ,
724 2079 757 2139 et
779 2075 895 2159 reliqui
919 2074 1030 2157 anguli
1049 2095 1098 2137 re·

78 2183 181 2268 liquis
206 2183 356 2266 aequales
381 2188 476 2249 erunt
500 2186 581 2249 alter
604 2182 708 2264 alteri,
732 2180 791 2244 sub
815 2180 931 2265 quibus
952 2181 1099 2266 aequalia

77 2292 188 2354 latera
215 2288 414 2354 subtendent
443 2293 547 2374 [prop.
570 2285 630 2374 IV]
638 2339 646 2370 ,
674 2295 694 2364 L
716 2289 814 2352 ΑΓΖ
830 2318 871 2339 =
887 2290 997 2353 ΑΒΗ
1021 2291 1053 2351 et
1076 2294 1097 2362 L

77 2402 112 2460 A
118 2397 185 2459 ΖΓ
196 2425 238 2446 --
253 2399 366 2461 ΑΗΒ.
398 2401 431 2460 et
450 2397 603 2481 quoniam
623 2402 654 2459 Α
661 2399 688 2458 Z
703 2426 745 2446 --
761 2398 845 2477 ΑΗ,
869 2417 1006 2479 quarum
1025 2417 1098 2478 par·

76 2507 131 2568 tes
155 2505 235 2583 AB,
258 2504 326 2565 ΑΓ
340 2503 498 2587 aequales,
523 2502 585 2566 erit
608 2505 670 2565 ΒΖ
686 2532 726 2553 =
743 2504 815 2565 ΓΗ
831 2503 873 2581 [κ.
889 2503 956 2566 tvo.
971 2502 1016 2582 3].
1041 2501 1097 2566 sed

78 2609 342 2672 demonstratum
361 2612 412 2673 est
435 2609 532 2673 etiam
558 2611 621 2672 ΖΓ
633 2638 674 2660 --
689 2612 728 2672 Η
731 2611 767 2671 Β.
813 2608 922 2692 itaque
944 2608 1025 2672 duae
1048 2631 1098 2672 re-

77 2719 153 2780 ctae
179 2717 254 2797 BZ,
281 2717 345 2778 ΖΓ
364 2714 490 2780 duabus
514 2719 594 2799 ΓΗ,
622 2719 690 2779 ΗΒ
722 2715 871 2799 aequales
896 2718 971 2778 sunt
995 2715 1098 2778 altera

78 2822 194 2904 alteri3
222 2826 254 2884 et
278 2828 298 2897 L
322 2823 473 2884 BZP=
489 2824 590 2886 ΓΗΒ
614 2826 646 2891 et
668 2822 755 2886 basis
781 2843 891 2886 eorum
916 2821 1096 2886 communis

217 963 255 1017 A.

152 2996 187 3051 V.
216 2995 376 3066 Simplicius
396 2996 428 3049 in
450 2997 530 3066 phys.
554 2997 601 3051 fol.
623 3002 680 3051 14¹.
709 2994 825 3050 Boetius
848 3012 875 3064 p.
891 3001 956 3063 380,
973 3001 1096 3065 13-15,

76 3068 130 3122 ubi
155 3067 196 3121 sio
213 3066 272 3121 fere
291 3067 481 3122 scribendum:
508 3069 532 3122 si
550 3067 707 3138 triangulus
726 3066 856 3136 aequalia
874 3066 965 3120 latera
983 3067 1095 3135 habeat,

77 3137 129 3208 qui
148 3138 189 3192 ad
207 3138 267 3192 eius
285 3137 385 3191 basim
403 3138 509 3208 anguli
528 3141 604 3207 sunt,
627 3140 759 3208 aequales
777 3138 851 3192 alter
868 3137 951 3191 alteri
971 3139 1048 3206 sunt,
1068 3142 1096 3193 et

78 3209 247 3277 aequalibus
270 3208 353 3264 lineis
378 3210 547 3281 [productis]
568 3213 596 3265 et
615 3211 676 3265 sub
693 3210 760 3265 basi
779 3207 852 3263 eius
872 3209 975 3277 auguli
994 3225 1095 3276 aequa-

77 3281 131 3335 les
149 3280 303 3349 utrimque
323 3282 412 3334 erunt.

77 3405 166 3474 svp.
241 3410 282 3458 rs.
303 3399 395 3476 rare]
415 3404 472 3471 es,
492 3422 581 3475 comp.
601 3405 632 3470 ιη
653 3375 675 3458 ἑ
685 3405 713 3458 τι
725 3403 818 3474 uulgo.
893 3410 935 3459 as.
955 3374 1096 3458 lausi

76 3493 132 3530 ras.
153 3473 472 3531 esturriuslitt.iuV.
577 3482 619 3530 26.
641 3475 706 3546 ΗΒ]
730 3479 788 3528 ΒΗ
805 3476 838 3544 V,
858 3492 926 3532 corr.
946 3495 982 3532 m.
999 3482 1060 3529 2.-

77 3546 161 3618 δυσί]
180 3563 197 3602 e
215 3563 286 3602 sorr.
305 3546 339 3602 V.
