2514 4012
151 194 218 259 258
531 194 735 247 Σεοιαοεςια
753 190 789 261 ζ’.

151 336 337 416 πλασιάσας
363 335 425 406 τὸν
453 344 487 403 A
513 341 709 423 πεποίηκεν,
740 333 759 403 6
787 335 827 404 δὲ
852 343 881 404 Β
909 332 971 405 τὸν
993 342 1025 405 Ζ

150 443 337 523 πλασιάσας
357 441 419 510 τὸν
433 451 466 509 A
488 448 680 529 πεποίηκεν·
705 450 777 521 ἴσος
800 440 866 530 άρα
890 442 983 511 ἐστὶν
1005 438 1027 511 6

150 558 199 636 A,
218 557 250 617 E
269 553 315 641 τῷ
340 551 376 617 ἐκ
398 552 467 617 τῶν
491 555 535 635 Β,
555 557 591 617 Ζ.
631 553 723 616 ἔστιν
745 546 812 637 άρα
836 546 881 629 ὥς
903 545 923 618 6
946 556 981 617 A
1000 570 1041 633 π(

149 664 194 742 Β,
222 653 330 736 οὕτως
352 653 371 724 6
397 663 423 723 Ζ
446 653 530 745 πρὸς
552 654 613 724 τὸν
636 662 675 723 Ε.
721 657 757 723 ολ
778 655 816 723 66
839 664 887 741 A,
909 662 940 723 Β
961 658 1040 747 πρῶ

114 779 130 829 5
150 761 189 831 δὲ
205 765 332 850 πρῶτοι
349 762 406 830 καὶ
426 762 602 850 ἐλάχιστοι,
622 764 658 831 ολ
674 761 713 830 66
732 761 900 849 ἐλάχιστοι
913 766 1043 851 μετραῧ

148 867 209 937 τὸν
232 866 337 937 αὐτὸν
360 869 465 955 λόγον
488 873 626 956 ἔχοντας
649 870 759 949 ἰσάκις
784 868 856 939 ὅτε
881 874 1004 956 μείζων
1022 896 1042 937 τ
1121 900 1131 909 ·

149 981 229 1057 ξονα
255 976 312 1042 καὶ
340 973 358 1044 ὁ
387 975 538 1044 ἐλάσσων
565 974 626 1043 τὸν
650 975 829 1043 ἐλάσσονα·
867 972 887 1044 6
910 982 941 1043 Β
963 974 1034 1067 άρα

147 1095 269 1170 μετρεῖ,
288 1078 333 1160 ὥς
351 1081 513 1167 ἑπόμενος
532 1079 708 1166 ἑπόμενον.
740 1080 797 1147 καὶ
816 1080 887 1149 ἐπεὶ
905 1076 924 1147 6
939 1086 974 1147 A
988 1104 1044 1149 τοι

147 1187 442 1266 πολλαπλασιάσας
467 1183 547 1265 τοὺς
569 1190 608 1271 Γ,
634 1194 667 1252 A
694 1190 890 1272 πεποίηκεν,
916 1189 1043 1257 ἔστιν

95 1312 128 1360 10
149 1291 166 1362 ὁ
191 1302 220 1363 Β
243 1292 329 1383 πρὸς
349 1291 410 1361 τὸν
434 1301 475 1378 Β,
499 1292 605 1373 οὕτως
629 1289 647 1360 ὁ
671 1297 704 1359 Γ
722 1292 806 1382 πρὸς
828 1290 889 1362 τὸν
910 1300 954 1363 Δ.
993 1318 1046 1381 με·

148 1397 166 1469 6
195 1407 224 1468 Β
253 1398 315 1468 τὸν
344 1407 385 1467 Ε·
423 1412 536 1488 μετρεῖ
561 1397 628 1488 άρα
654 1398 711 1466 καὶ
740 1395 758 1466 6
788 1404 821 1466 Γ
843 1398 905 1467 τὸν
933 1406 969 1467 A
997 1394 1019 1469 6

145 1504 207 1575 τὸν
231 1506 410 1574 ἐλάσσονα·
449 1505 531 1594 ὅπερ
555 1505 646 1573 ἐστὶν
669 1502 851 1574 άὸύνατον.
893 1502 957 1573 οάκ
979 1501 1043 1595 ἇρι

147 1619 175 1680 Β
199 1615 362 1702 μετροῦσί
381 1638 456 1679 τινα
481 1609 632 1701 ἀριθμὸν
655 1611 823 1680 ἐλάσσονα
847 1609 930 1681 ὅντα
947 1612 1011 1681 τοῦ
1031 1644 1043 1677 ι

146 1719 213 1808 ἄρα
236 1720 407 1807 ἐλάχιστος
430 1714 479 1787 ὢν
502 1715 569 1786 ὑπὸ
593 1722 661 1786 τῶν
685 1728 728 1804 A,
751 1725 780 1786 Β
800 1730 976 1807 μετρεῖται.

94 1844 127 1893 15
214 1823 274 1911 Μὴ
303 1831 451 1894 ἔστωσαν
479 1822 521 1910 δὴ
551 1826 587 1891 ολ
607 1833 655 1911 A,
679 1830 707 1891 Β
730 1826 857 1913 πρῶτοι
879 1821 965 1912 πρὸς
985 1818 1044 1891 άλι

145 1931 201 1999 καὶ
224 1931 444 2019 εἰλήφθωσαν
468 1931 634 2018 ἐλάχιστοι
658 1927 799 2019 άριθμοὶ
816 1939 885 1999 τῶν
902 1926 965 1997 τὸν
982 1926 1042 1997 αὐτ

145 2064 208 2123 γον
237 2039 384 2125 ἐχόντων
411 2049 482 2116 τοῖς
504 2045 551 2122 A,
575 2043 604 2104 Β
629 2041 663 2105 ολ
685 2044 728 2123 Ζ,
752 2044 795 2103 Ε·
833 2044 906 2116 ἴσος
931 2032 1001 2127 ἄρα
1029 2066 1039 2103 ι

146 2146 182 2212 ἐκ
204 2146 272 2211 τῶν
295 2152 339 2229 A,
363 2152 395 2211 E
415 2147 460 2236 τῷ
485 2145 520 2212 ἐκ
538 2146 607 2210 τῶν
625 2151 665 2228 Β,
680 2151 716 2210 Ζ.
750 2142 806 2209 καὶ
826 2139 844 2209 6
864 2149 896 2208 A
913 2138 975 2210 τὸν
993 2148 1028 2211 Ε

145 2249 331 2330 πλασιάσας
353 2248 413 2318 τὸν
427 2255 460 2317 Γ
478 2256 626 2317 ποιείτω·
658 2249 714 2315 καὶ
739 2245 757 2315 6
776 2256 804 2314 Β
829 2246 896 2335 άρα
918 2246 978 2316 τὸν
993 2254 1023 2315 Ζ

93 2378 127 2426 20
146 2356 332 2436 πλασιάσας
354 2355 414 2425 τὸν
437 2362 470 2424 Γ
488 2362 679 2444 πεποίηκεν·
713 2358 748 2422 οἱ
769 2364 813 2441 A,
836 2362 864 2421 Β
887 2353 954 2443 άρα
976 2350 1032 2423 τὸν

144 2468 294 2552 τροῦσιν.
340 2463 424 2548 λέγω
458 2463 516 2549 δή,
550 2463 601 2530 ὅτι
632 2463 688 2530 καὶ
722 2463 904 2549 ἐλάχιστον.
946 2464 979 2528 ελ
1009 2486 1039 2547 γ.

144 2569 350 2655 μετρήσουσί
365 2594 440 2636 τινα
459 2565 608 2654 άριθμὸν
624 2570 659 2635 οἱ
670 2576 713 2653 Α,
727 2575 756 2633 Β
774 2567 940 2635 ἐλάσσονα
954 2564 1037 2636 ὄντα

144 2681 367 2762 μετρείτωσαν
394 2673 455 2742 τὸν
479 2682 521 2741 A.
561 2674 617 2741 καὶ
646 2671 762 2752 ὁσάκις
784 2673 845 2760 μὲν
869 2670 887 2741 ὁ
910 2682 943 2739 A
964 2670 1028 2741 τὸν

143 2794 229 2870 τρεῖ,
252 2785 413 2850 τοσαῦται
436 2781 582 2868 μονάδες
605 2784 754 2847 ἔστωσαν
778 2783 814 2848 ἐν
837 2783 883 2871 τῷ
906 2785 956 2865 Η,
984 2775 1036 2847 ὁσι

89 2909 123 2957 ιο
144 2885 206 2956 ὁΒ
225 2887 286 2954 τὸν
305 2895 339 2954 A
357 2901 478 2974 μετρεῖ,
501 2890 661 2955 τοσαῦται
680 2885 825 2973 μονάδες
844 2884 1036 2955 ἔστωσανάι
1077 2888 1081 2895 '

143 2991 161 3062 6
186 2992 247 3080 μὲν
262 3002 294 3061 Α
317 2992 384 3081 άρα
402 2993 464 3061 τὸν
477 3000 517 3061 Η
530 2992 825 3071 πολλαπλασιάσας
842 2991 903 3060 τὸν
920 2999 951 3058 A
968 3012 1034 3059 πεσι

143 3098 161 3169 6
186 3101 224 3169 δὲ
243 3108 271 3169 Β
290 3100 352 3170 τὸν
371 3108 399 3168 Θ
422 3101 715 3179 πολλαπλασιάσας
732 3098 792 3167 τὸν
812 3106 845 3165 A
863 3103 1037 3185 πεποίιμιει
1059 3178 1069 3195 Ι,

216 3320 240 3368 3
260 3314 301 3386 A]
321 3313 420 3383 (prius)
439 3330 508 3368 corr.
529 3329 563 3367 ex
581 3317 607 3366 A
625 3313 658 3367 V
715 3317 738 3366 5
759 3309 958 3380 μετρονσινΒ.
1013 3314 1032 3365 9
1055 3310 1059 3315 ’
1090 3366 1093 3371 ,

144 3388 288 3471 Γμοεῖεο
312 3386 409 3439 insert.
428 3403 465 3439 m.
495 3391 508 3439 1
533 3403 564 3454 p,
588 3385 653 3453 post
672 3389 697 3436 A
718 3389 731 3437 1
751 3383 806 3437 litt.
827 3400 896 3437 eras.
970 3386 1013 3437 11
1069 3426 1078 3434 .

143 3451 245 3525 άραρ.
301 3452 351 3509 τὸν
358 3457 413 3542 A]
432 3452 486 3524 τήν
506 3456 581 3509 AP.
637 3461 678 3508 13.
698 3449 932 3540 μετρήσουσινΡ.
986 3452 1041 3507 Po*

143 3527 206 3580 add.
226 3522 372 3581 Theon:
356 3546 426 3581 οταν
445 3524 474 3581 ολ
489 3530 522 3596 A,
541 3527 688 3596 Βπρῶτοι
705 3523 776 3595 πρὸς
793 3520 930 3593 άλλήλονς
948 3512 1018 3579 οἷσιν
1096 3556 1120 3593 :.
1155 3582 1158 3591 ,
