2514 4012
180 199 246 264 216
559 200 761 253 mommsen
779 197 814 266 ς’.

180 341 264 430 πρὸς
290 340 351 410 τὸν
375 347 450 427 ΓΖ,
479 338 498 410 6
526 339 592 429 ἄρα
621 344 720 430 μέρος
748 343 838 412 ἐστὶν
868 340 886 411 6
910 349 979 410 AB
1007 347 1080 412 ποῦ
1104 340 1213 432 ΓΔῆ

181 450 281 535 μέρη,
308 447 347 516 τὸ
376 446 459 516 αὐτὸ
488 450 587 536 μέρος
616 449 684 517 ἐστὶ
712 448 768 515 καὶ
797 445 815 517 6
839 455 909 515 ΑΒ
933 452 998 516 τοῦ
1020 456 1093 518 ΓΖ
1121 447 1144 538 ἢ
1173 450 1212 518 τὰ

181 552 266 622 αὐτὰ
290 556 383 644 μέρη.
418 556 474 623 καὶ
497 554 614 634 λοιπὸς
637 552 703 641 ἄρα
727 551 746 623 6
770 562 834 622 ΕΒ
852 557 975 624 λοιποῦ
993 559 1062 624 τοῦ
1083 564 1156 625 ΖΔ
1173 555 1209 625 τὸ

182 657 263 728 αὐτὸ
288 663 388 749 μέρος
410 661 500 730 ἐστὶν
524 657 545 747 ἢ
569 663 664 749 μέρη,
687 659 771 748 ἅπερ
796 659 899 730 ὁΑΒ
921 665 985 730 τοῦ
1004 667 1083 732 ΓΔ.
1118 669 1208 732 ἔστιν

147 765 247 855 δῦρο
271 766 316 847 ὡς
339 765 358 835 6
383 774 446 835 ΕΒ
469 765 553 855 πρὸς
574 765 635 835 τὸν
659 775 741 854 ΖΔ,
770 765 877 848 οῦτως
899 766 917 836 6
942 776 1009 837 AB
1033 769 1126 859 πρὸς
1148 769 1207 839 τὸν

181 880 255 942 ΓΛ·
289 872 371 960 ὅπερ
395 878 463 942 ἔδει
486 877 600 955 δεῖξαι.

661 1033 725 1120 ιβ’.

247 1155 334 1226 Ἐὰν
376 1150 472 1227 ὦσιν
514 1157 736 1227 ὁποσοιοῦν
773 1156 941 1247 ἀριθμοὶ
979 1157 1201 1246 ἀνάλογον,

183 1273 292 1335 ἔσται
330 1262 379 1346 ὡς
415 1259 472 1346 εἷς
508 1268 584 1334 τῶν
621 1263 855 1352 ἡγουμένων
891 1265 989 1352 πρὸς
1021 1267 1096 1334 ἕνα
1128 1269 1202 1334 νῦν

131 1388 164 1437 10
183 1374 404 1460 ἑπομένων,
437 1370 561 1452 οὕτως
589 1369 760 1452 ἅπαντες
788 1375 827 1440 οἱ
852 1370 1078 1458 ἡγούμενοι
1106 1370 1201 1460 πρὸς

182 1478 357 1559 ἅπαντας
378 1477 471 1559 τοῦς
494 1480 721 1566 ἑπομένους.

240 1587 416 1653 Ἔστωσαν
445 1583 628 1654 ὁποσοιοῦν
655 1583 798 1673 ἀριθμοὶ
827 1581 998 1671 ἀνάλογον
1027 1587 1065 1654 οἱ
1090 1595 1140 1672 A,
1164 1591 1201 1669 Β,

183 1699 220 1780 Γ,
245 1701 289 1779 Δ,
313 1689 359 1770 ὡς
382 1688 400 1760 6
424 1701 455 1759 A
478 1690 561 1779 πρὸς
584 1690 645 1760 τὸν
669 1698 713 1776 Β,
737 1689 843 1771 οῦιοις
867 1688 885 1759 6
910 1697 942 1759 Γ
960 1690 1045 1779 πρὸς
1068 1689 1132 1760 τὸν
1157 1699 1201 1759 A·

182 1801 283 1885 λέγω,
308 1797 360 1867 ὅτι
384 1799 473 1867 ἐστὶν
497 1796 541 1878 ὡς
565 1795 583 1866 6
607 1807 639 1865 A
661 1796 744 1884 πρὸς
766 1795 826 1866 τὸν
850 1804 890 1882 Β,
915 1795 1021 1877 οὕτως
1046 1801 1083 1865 οἱ
1103 1807 1154 1883 Α,
1177 1802 1207 1864 Γ

130 1919 163 1967 15
182 1904 266 1993 πρὸς
287 1905 368 1984 τοῦς
390 1911 430 1990 Β,
455 1913 496 1972 Δ.

248 2009 337 2080 Ἐπεὶ
364 2013 430 2099 γάρ
455 2015 545 2080 ἐστιν
569 2008 614 2090 ὡς
638 2007 656 2077 6
680 2019 712 2077 A
735 2008 819 2096 πρὸς
841 2007 900 2077 τὸν
923 2016 968 2093 Β,
1000 2007 1109 2089 οὕτως
1135 2007 1154 2077 6
1177 2014 1207 2076 Γ

183 2116 267 2205 πρὸς
293 2117 354 2185 τὸν
379 2126 427 2203 A,
456 2114 474 2184 6
499 2116 564 2205 ἄρα
588 2117 687 2204 μέρος
711 2116 801 2184 ἐστὶν
825 2113 843 2182 6
868 2124 900 2182 A
922 2118 983 2182 τοῦ
1007 2121 1035 2181 Β
1060 2110 1083 2200 ἢ
1107 2116 1202 2202 μέρη,

183 2223 220 2291 τὸ
241 2221 323 2290 αὐτὸ
348 2225 449 2311 μέρος
472 2224 539 2291 έστὶ
562 2223 618 2288 καὶ
643 2219 660 2289 6
685 2227 717 2288 Γ
734 2224 796 2287 τοῦ
816 2229 849 2287 Δ
871 2217 892 2306 ἢ
917 2223 1009 2307 μέρη.
1047 2221 1105 2288 καὶ
1126 2244 1201 2289 συν-

184 2329 373 2416 αμφότερος
400 2327 466 2413 ἄρα
494 2325 512 2395 6
537 2337 583 2413 A,
608 2332 640 2393 Γ
664 2328 921 2413 συναμφοτέρου
948 2329 1009 2393 τοῦ
1032 2333 1078 2411 Β,
1102 2336 1139 2394 Δ
1167 2326 1202 2394 τὸ

131 2452 165 2502 20
184 2433 267 2503 αὐτὸ
291 2437 390 2522 μέρος
414 2434 505 2502 ἐστὶν
527 2429 548 2519 ἢ
572 2432 612 2500 τὰ
636 2431 720 2500 αὐτὰ
744 2436 843 2520 μέρη,
871 2431 955 2520 ἅπερ
980 2429 997 2499 6
1023 2442 1055 2499 A
1079 2437 1145 2501 τοῦ
1167 2441 1203 2501 Β.

184 2548 274 2610 ἔστιν
302 2541 369 2629 ἄρα
393 2539 437 2621 ὡς
461 2537 479 2608 6
503 2549 535 2607 A
558 2539 641 2626 πρὸς
663 2540 724 2608 τὸν
747 2547 787 2625 Β,
812 2538 917 2619 οὕτως
941 2542 975 2606 οί
995 2547 1042 2624 Α,
1068 2546 1102 2607 Γ
1119 2543 1205 2629 πρὸς

183 2648 263 2729 τοὺς
285 2656 325 2734 Β,
351 2655 396 2714 Λ·
435 2644 515 2734 ὅπερ
539 2651 606 2714 ἔδει
631 2648 744 2728 δεῖξαι.

662 2851 722 2910 ιν.

248 2948 336 3017 Ἐὰν
364 2950 550 3037 τέσσαρες
573 2947 742 3035 ἀριθμοὶ
766 2944 967 3033 ἀνάλογον
992 2939 1107 3034 οἷσιν,
1139 2951 1202 3017 καὶ

132 3078 165 3126 25
185 3055 353 3136 ἐναλλὰξ
377 3055 579 3141 ἀνάλογον
604 3059 772 3124 ἔσονται.

185 3184 399 3198 ...-...-.....

256 3234 329 3290 ΧΙΠ.
349 3233 459 3304 Philop.
478 3233 509 3288 in
527 3232 599 3288 anal.
618 3236 691 3302 post.
710 3232 759 3286 fol.
780 3236 821 3288 18.

258 3391 368 3465 Ιτόν]
388 3411 441 3448 om.
461 3393 493 3448 V.
549 3399 574 3447 2.
595 3388 714 3446 έστένΡ.
770 3398 793 3446 3.
813 3389 922 3462 λοιπός]
938 3387 1038 3445 λοιπόν
1051 3409 1079 3458 p.
1139 3396 1193 3446 ΖΔ

186 3470 237 3520 ΔΖ
255 3467 285 3520 Ρ.
358 3471 384 3519 4.
403 3460 488 3534 ἅπερ]
508 3484 574 3531 -περ
594 3480 662 3518 eras.
682 3464 712 3517 F.
777 3459 805 3533 6]
825 3463 867 3517 bis
886 3481 912 3532 p.
983 3467 1025 3516 12.
1045 3459 1191 3532 ἀνάλογον

186 3554 239 3593 om.
258 3538 323 3606 Vp,
342 3552 423 3591 euan.
442 3536 473 3591 F.
547 3530 788 3606 13.ὁΓ]δέφ.
862 3527 1191 3600 ὁΓ-14τΒ,οῦτως
