2514 4012
142 196 208 261 202
522 195 723 248 2‘r01xn1nn
742 192 776 259 ζ’.

141 340 241 426 μέρος
269 336 337 407 ἐστὶ
365 338 421 404 καὶ
449 334 467 404 6
494 346 527 405 A
549 342 610 405 τοῦ
634 344 712 423 ΕΖ,
740 335 814 406 ὅσοι
843 336 909 425 ἄρα
936 337 1024 404 εἰσὶν
1054 339 1090 406 έν
1110 340 1150 428 τῷ

142 451 208 513 ΒΓ
228 441 369 532 ἀριθμοὶ
393 451 461 512 ἴσοι
484 448 529 535 τῷ
554 453 600 529 A,
623 448 782 511 τοσοῦτοί
803 448 867 512 εἰσι
889 444 945 510 καὶ
970 447 1006 511 έν
1030 448 1076 536 τῷ
1095 430 1171 510 ΒΖ

141 549 282 638 ἀριθμοὶ
315 558 382 617 ἴσοι
408 553 455 642 τῷ
484 558 525 617 Δ.
572 547 747 638 διῃρήσθω
776 545 794 616 6
823 548 885 636 μέν
913 556 980 617 ΒΓ
1004 554 1054 628 εἰς
1080 547 1149 627 τοὺς

140 661 186 747 τῷ
210 665 241 723 A
264 663 359 735 ῐσους
381 656 463 735 τοὺς
484 662 567 741 ΒΗ,
586 662 668 740 ΗΓ,
698 653 715 723 6
741 655 779 723 δὲ
801 662 864 722 ΕΖ
888 660 935 735 εἰς
957 654 1039 735 τοὺς
1061 659 1148 747 τῷΔ

105 771 236 842 αἰσους
262 759 341 842 τοὺς
367 769 446 848 ΕΘ,
465 769 539 829 ΘΖ·
573 767 663 829 ἔσται
691 761 734 847 δὴ
763 770 839 829 ἴσον
865 761 903 829 τὸ
930 767 1064 849 πλῆθος
1088 765 1146 830 τόν
1187 826 1190 837 ,

140 875 223 954 ΒΗ,
249 874 318 936 ΗΓ
345 872 391 958 τῷ
424 867 547 955 πλήθει
578 872 647 935 τῶν
675 874 752 951 ΒΘ,
770 875 840 935 ΘΖ.
894 868 951 935 καὶ
984 870 1055 936 ἐπεὶ
1085 876 1146 946 ἴσος

141 973 232 1042 ἐστὶν
255 971 272 1040 6
297 974 358 1061 μέν
381 981 455 1042 ΒΗ
472 980 517 1067 τῷ
540 985 587 1060 A,
616 975 633 1042 6
659 975 696 1042 δὲ
720 982 782 1042 ΕΘ
805 979 849 1064 τῷ
874 982 918 1059 A,
941 975 998 1041 καὶ
1023 978 1058 1042 oc
1076 979 1144 1059 ΒΗ,

140 1087 203 1147 ΕΘ
236 1078 301 1167 ἄρα
332 1095 402 1160 τοῖς
429 1090 476 1166 A,
497 1091 530 1148 A
558 1089 635 1148 ἴσοι.
687 1079 744 1148 διὰ
775 1082 816 1147 τὰ
849 1077 934 1148 αὐτὰ
966 1080 1008 1167 δὴ
1041 1082 1094 1149 καὶ
1117 1083 1145 1147 σι’

140 1192 222 1272 ΗΓ,
241 1193 303 1254 ΘΖ
333 1200 405 1266 τοῖς
436 1195 482 1270 A,
503 1196 545 1253 A.
599 1184 674 1254 ὅσοι
707 1185 773 1274 ἄρα
806 1187 919 1273 [εἰσὶν]
953 1189 989 1255 ἐν
1022 1192 1068 1279 τῷ
1093 1191 1146 1255 ΒΓ
1174 1192 1179 1207 “

91 1322 124 1370 10
142 1291 284 1379 ἀριθμοὶ
312 1301 380 1360 ἴσοι
407 1295 453 1383 τῷ
483 1300 528 1377 A,
561 1298 723 1360 τοσοῦτοί
748 1297 813 1360 εἰσι
843 1295 898 1359 καὶ
927 1295 964 1361 ἐν
992 1309 1062 1374 τοῖς
1083 1297 1142 1375 ΒΓ,

142 1406 204 1466 ΕΖ
233 1407 300 1467 ἴσοι
327 1412 396 1477 τοῖς
422 1407 470 1483 A,
490 1406 531 1466 A.
582 1395 797 1466 ὁσαπλασίων
829 1397 896 1483 α’ἱρα
928 1400 1020 1466 έστὶν
1048 1400 1067 1468 6
1092 1402 1144 1467 ΒΓ

141 1509 202 1572 τοῦ
234 1513 280 1588 A,
316 1510 613 1572 τοσαυταπλασίων
646 1505 714 1572 ἐστὶ
751 1506 807 1571 καὶ
845 1505 1096 1593 συναμφότερος
1124 1503 1139 1571 6

141 1617 218 1696 ΒΓ,
238 1618 299 1678 ΕΖ
319 1613 575 1697 συναμφοτέρου
593 1615 655 1678 τοῦ
675 1620 716 1696 A,
737 1621 777 1678 A.
817 1609 835 1678 6
859 1610 925 1698 ἄρα
949 1613 1050 1697 μέρος
1066 1611 1141 1681 έστῖν

142 1714 160 1784 6
185 1725 216 1783 A
239 1720 300 1785 τοῦ
323 1722 400 1803 ΒΓ,
428 1715 466 1784 τὸ
495 1714 577 1783 αὐτὸ
606 1717 705 1803 μέρος
728 1710 797 1784 ἐστὶ
824 1716 880 1782 καὶ
904 1717 1142 1806 συναμφότερος

90 1851 122 1899 15
142 1820 159 1891 6
183 1832 226 1908 A,
246 1830 279 1889 A
302 1823 560 1909 συναμφοτέρου
582 1826 643 1891 τοῦ
662 1829 735 1906 ΒΓ,
754 1830 829 1890 ΕΖ·
853 1821 934 1908 ὅπερ
955 1829 1024 1891 ἔδει
1043 1828 1142 1905 δεῖξαι

629 2017 670 2089 τ’.

204 2139 293 2208 Ἐόιν
325 2139 499 2228 ἀριθμὸς
527 2140 705 2228 ἀριθμοῦ
735 2143 829 2227 μέρη
863 2134 900 2229 ᾖ,
928 2143 993 2209 καὶ
1022 2144 1144 2226 ἕτερος

141 2248 278 2334 ἑτέρον
297 2246 341 2315 τὰ
361 2244 459 2314 αὐτὰ
484 2248 580 2334 μέρη
600 2240 638 2336 ᾖ,
662 2249 727 2314 καὶ
747 2247 1049 2333 συναμφότερος
1067 2268 1144 2316 συν·

141 2354 367 2438 αμφοτέρον
403 2351 446 2419 A
486 2350 583 2420 αὐτοὶ
621 2354 716 2438 μέρη
755 2357 878 2437 ἔσται,
917 2350 1011 2441 ὅπερ
1046 2351 1064 2422 6
1096 2347 1144 2431 εἷς

88 2487 122 2535 20
139 2465 211 2527 τοῦ
235 2458 331 2539 ἑνός.

204 2563 363 2653 Ἀριθμὸς
394 2564 458 2653 γὰρ
488 2565 505 2634 6
535 2574 600 2632 AB
628 2563 779 2652 ἀριθμοῦ
806 2571 867 2632 τοῦ
896 2570 927 2631 Γ
951 2567 1034 2652 μέρη
1059 2571 1143 2648 ἔσται,

140 2673 195 2741 καὶ
220 2674 330 2758 ἕτερος
354 2669 371 2740 6
397 2679 466 2738 ΛΒ
488 2673 602 2754 ἑτέρου
625 2675 686 2739 τοῦ
711 2678 738 2737 Ζ
762 2669 802 2736 τὰ
831 2666 915 2737 αὐτὰ
944 2673 1043 2758 μέρη,
1071 2669 1146 2751 ἄτερ

142 2776 159 2846 6
184 2787 254 2853 ΑΒΙ
272 2789 333 2846 τοῦ
352 2784 392 2846 Γ·
415 2780 511 2865 λέγω,
535 2776 586 2845 ὅτι
605 2779 660 2844 καὶ
680 2777 932 2863 συναμφότερος
952 2775 969 2844 6
989 2786 1022 2843 Α
1030 2785 1066 2862 Β,
1087 2779 1158 2842 An·

213 2963 236 3010 1.
257 2951 332 3009 ἐστίν
350 2954 380 3008 F.
453 2955 520 3025 καί]
539 2954 569 3007 in
588 2971 641 3008 rae.
661 2973 696 3007 m.
717 2961 732 3007 2
752 2973 785 3022 p,
804 2954 899 3007 insert.
919 2972 955 3008 m.
976 2961 991 3007 2
1010 2953 1040 3010 F.

140 3031 418 3094 eorr.exAm.2p.
475 3020 543 3096 ἄρα]
559 3021 615 3090 ἄρα
630 3019 754 3093 ἀριθμοί
764 3026 796 3080 V.
853 3031 877 3078 2.
898 3019 1101 3093 ἀριθμοίῖοω.
1139 3058 1164 3073 .

140 3099 178 3168 A]
199 3105 224 3150 A
243 3117 273 3163 φ.
312 3095 382 3150 εἰσιν
401 3095 459 3148 ΡΒ.
533 3095 687 3150 npostn
706 3096 769 3151 edd.
789 3095 897 3149 Theon:
927 3091 1023 3148 6BH
1039 3086 1176 3159 ἅρατό

140 3174 161 3221 A
182 3170 240 3230 ι”σος
259 3164 320 3222 ἔστί
335 3162 421 3234 (ἐστίν
440 3166 474 3234 Β)
494 3167 626 3236 (BFVp).
700 3173 724 3220 8.
744 3163 812 3235 ἄρα]
834 3183 888 3220 om.
906 3165 1003 3220 Theon
1018 3146 1140 3234 (131³va
1157 3194 1190 3241 ς

140 3241 211 3306 ἴσοι]
240 3256 293 3292 om.
318 3239 416 3292 Theon
443 3237 577 3306 (BFVp).
667 3235 702 3290 τὰ
726 3232 815 3306 αὐτοὶ]
841 3237 931 3288 ταῦτα
950 3237 983 3291 V.
1030 3237 1097 3291 Post
1113 3235 1190 3292 δή

140 3309 203 3364 add.
231 3310 340 3363 Theon:
370 3311 418 3362 καὶ
442 3307 456 3362 6
485 3313 545 3362 HF
560 3309 598 3379 τῷ
618 3313 640 3361 A
659 3310 718 3369 ἴσος
738 3308 783 3376 (F,
804 3310 863 3360 ἴσον
884 3309 916 3372 φ)
938 3302 1012 3360 ἐστίν
1031 3302 1102 3375 (ἐστέ
1111 3301 1158 3367 ‚V'
1182 3334 1190 3343 ⁴

140 3396 231 3449 comp.
258 3384 288 3449 p)
317 3379 453 3448 (BFVp).
499 3381 531 3433 In
558 3379 582 3429 V
608 3382 754 3465 praeterea
782 3377 845 3430 add.
875 3378 923 3430 καὶ
946 3373 961 3431 6
987 3380 1039 3432 ΘΖ
1061 3377 1097 3449 τῷ
1115 3372 1190 3465 ζ

176 3448 205 3504 οἵ
227 3454 293 3517 ΗΓ,
323 3453 375 3504 ΘΖ
397 3458 455 3512 τοῖς
478 3456 513 3519 A,
538 3450 578 3520 A]
604 3469 619 3503 ο
644 3452 705 3502 ΗΓ
726 3449 762 3522 τῷ
782 3455 804 3502 Α
824 3450 883 3510 έσος
903 3445 990 3518 ἐστίν,
1014 3445 1029 3502 6
1049 3447 1079 3502 δὲ
1099 3448 1190 3527 &f

140 3521 178 3589 τῷ
198 3527 224 3573 A
242 3522 276 3586 Ρ;
298 3516 313 3574 6
336 3525 395 3574 ΗΓ
411 3528 470 3584 τοῖς
489 3527 578 3590 ΑΔφ
598 3523 664 3589 (non
683 3522 724 3587 F).
762 3521 793 3573 In
812 3519 1008 3575 emendatione
1032 3518 1190 3589 praeint-
