2514 4012
330 196 606 248 ELEMENTORUM
624 198 733 247 LIBER
751 199 798 249 IX.
1010 196 1075 263 369

60 338 120 401 ulli
143 359 351 402 numerorum
374 345 415 422 A,
433 344 471 421 Β,
490 342 522 404 Γ
541 341 684 424 aequalis
709 342 760 405 sit.
798 340 1008 407 manifestum
1027 348 1077 408 est

60 445 170 528 igitur,
194 448 226 508 Ε
246 446 386 529 primum
409 467 475 509 non
499 467 578 512 esse.
603 460 700 510 ‘nam
724 448 752 511 si
771 452 802 512 Ε
822 449 947 532 primus
971 453 1076 515 estet

59 572 230 615 numerum
247 556 280 615 A
299 551 440 634 metitur,
459 551 557 615 etiam
571 572 743 617 numerum
758 559 789 616 A
804 554 957 618 metietur
972 557 1075 641 [prop.

58 655 151 740 XII],
176 656 231 740 qui
255 657 380 741 primus
405 659 466 739 est,
489 679 686 741 quamquam
710 659 740 723 ei
764 660 908 744 aequalis
927 682 993 724 non
1012 665 1075 744 θεὶς

59 763 145 849 quod
164 764 234 827 fieri
252 784 320 827 non
338 766 455 848 potest.
488 765 599 848 itaque
618 768 650 828 E
666 765 790 848 primus
809 787 876 830 non
896 769 954 830 est.
987 788 1073 832 eom·

58 871 243 956 positus'
210 872 271 934 wit
272 894 319 937 ur.
360 872 506 956 quemuis
532 877 641 936 autem
665 893 834 937 numerum
859 874 1074 956 compositum

59 977 184 1063 primus
223 977 339 1062 aliquis
375 1000 528 1042 numerus
566 980 700 1043 messtiur
661 978 823 1063 ur[VII,
849 980 915 1060 32].
965 981 1074 1064 itaque

29 1105 228 1149 ·numerum
262 1088 293 1148 Ε
322 1085 446 1168 primus
479 1085 596 1166 aliquis
624 1109 776 1151 numerus
805 1087 899 1151 metit-
899 1087 1074 1171 urdieo,

57 1193 182 1256 nullum
217 1193 318 1256 alium
346 1195 377 1255 Ε
406 1213 576 1256 numerum
609 1193 715 1256 metiri
748 1197 879 1275 praeter
911 1199 1073 1259 Anam

58 1300 86 1364 si
123 1299 206 1364 alius
244 1320 414 1363 numerum
447 1303 478 1362 Ε
513 1298 659 1381 metitur,
698 1303 729 1363 Ε
759 1303 867 1363 autem
901 1321 1073 1366 numerum

58 1409 93 1469 A
119 1405 265 1489 metitur,
292 1405 346 1468 ille
370 1425 496 1489 quoque
519 1426 690 1468 numerum
713 1410 746 1469 A
769 1405 928 1470 metietur.
974 1428 1073 1490 quare

57 1511 158 1575 etiam
189 1533 359 1575 numerum
387 1517 420 1575 A
451 1511 616 1593 metietur,
648 1512 703 1595 qui
732 1513 855 1595 primus
886 1517 937 1578 e'st
968 1513 1073 1596 [prop.

56 1616 148 1700 XH],
181 1638 377 1702 quamquam
411 1617 440 1681 oi
473 1616 619 1700 aequalis
650 1639 717 1681 non
749 1617 846 1703 est¹);
885 1619 970 1703 quod
1002 1619 1071 1684 fieri

56 1746 123 1789 non
149 1727 266 1806 potes&
312 1724 423 1807 itaque
446 1729 478 1786 A
505 1745 676 1787 numerum
699 1728 731 1787 E
752 1725 893 1790 metitur.
939 1729 972 1789 et
994 1746 1071 1807 quo-

11 1847 14 1852 ’
56 1831 145 1894 niam
177 1835 209 1894 Ε
241 1851 411 1894 numerum
445 1834 478 1893 A
510 1829 655 1912 metitur,
692 1829 866 1894 secundum
899 1833 928 1893 Z
959 1831 1072 1896 metia-

56 1941 119 2000 tur.
156 1936 237 2020 dico,
261 1942 288 2001 Z
310 1938 392 2001 nulli
415 1958 626 2002 numerorum
640 1942 681 2020 A,
699 1942 737 2021 Β,
756 1940 788 2002 Γ
804 1936 972 2020 aequalem
992 1958 1070 2003 esse.

56 2063 133 2106 nam
157 2044 185 2107 si
209 2048 236 2108 Z
260 2044 359 2109 alicui
382 2064 591 2108 numerorum
611 2049 652 2125 A,
676 2047 714 2122 Β,
736 2045 768 2106 Γ
788 2041 932 2126 aequalis
957 2044 1015 2126 est,
1039 2047 1072 2108 et

56 2170 228 2213 numerum
252 2155 285 2214 A
313 2149 488 2214 secundum
511 2152 542 2212 Ε
568 2148 715 2231 metitur,
744 2147 843 2212 etiam
872 2148 989 2233 aliquis
1012 2171 1070 2214 nu·

57 2277 221 2321 merorum
244 2263 289 2339 A,
313 2260 355 2340 B,
378 2258 410 2320 Γ
429 2276 599 2319 numerum
623 2258 657 2318 A
679 2254 853 2320 secundum
878 2258 910 2317 E
930 2257 1071 2320 metitur.

57 2383 170 2425 uerum
194 2362 302 2445 quiuis
326 2383 533 2426 numerorum
552 2366 593 2444 A,
608 2364 645 2443 Β,
660 2363 692 2425 Γ
711 2382 882 2425 numerum
905 2365 939 2425 A
962 2383 1072 2427 seeun-

56 2466 135 2532 dum
159 2468 299 2552 aliquem
321 2488 528 2531 numerorum
548 2472 589 2549 A,
613 2470 651 2548 B,
673 2469 706 2529 Γ
724 2468 857 2531 metitur
881 2468 986 2550 [prop.
1000 2467 1071 2548 XI].

56 2594 156 2657 quare
175 2578 206 2637 Ε
227 2572 324 2637 alicui
346 2593 556 2636 numerorum
570 2577 611 2654 A,
625 2575 663 2654 B,
678 2574 710 2635 Γ
729 2572 873 2656 aequalis
898 2578 961 2656 θεὲ,
985 2573 1070 2657 quod

56 2686 106 2744 est
129 2684 242 2745 contra
265 2678 485 2763 hypothesim.
532 2698 609 2762 ergo
633 2681 660 2741 Z
689 2678 770 2741 nulli
799 2699 1007 2742 numerorum
1029 2685 1070 2761 A,

56 2787 100 2868 B,
122 2788 155 2850 Γ
174 2785 320 2868 aequalis
344 2789 402 2849 est.
448 2784 597 2848 similiter
620 2784 931 2867 demonstra-bimus,
958 2805 1071 2849 nume-

56 2912 128 2956 rum
152 2898 183 2955 A
206 2913 376 2956 numerum
395 2895 422 2954 Z
446 2890 563 2973 metiri,
586 2888 697 2955 rursus'
721 2891 991 2974 demonstranteS,
1013 2913 1068 2957 nu-

55 3018 180 3061 merum
204 3003 230 3060 Z
258 2999 398 3081 primum
427 3019 494 3063 non
522 3018 600 3061 esse.
645 3018 723 3061 nam
751 2997 779 3062 si
806 2997 930 3080 primus
959 3002 1010 3062 est
1038 3001 1070 3062 et

55 3125 226 3168 numerum
255 3107 288 3166 A
311 3105 457 3186 metitur,
488 3103 586 3168 etiam
613 3109 645 3168 A
673 3103 825 3167 metietur
853 3105 958 3187 [prop.
981 3103 1069 3188 XII],

56 3209 112 3294 qui
135 3210 259 3292 primus
283 3212 343 3291 est,
367 3230 562 3292 quamquam
587 3209 616 3273 ei
640 3209 783 3293 aequalis·
806 3231 872 3273 non
896 3214 959 3292 θεὴ,
984 3211 1068 3295 quod

128 3384 153 3451 1)
128 3381 286 3437 l'Nam
265 3402 288 3436 ει
306 3399 438 3437 numerus
456 3398 585 3437 numeros
605 3385 642 3448 E,
662 3389 687 3437 A
706 3381 825 3438 metiens
840 3383 925 3439 alicui
939 3401 1068 3440 numero-

54 3459 170 3520 rumA,
191 3459 226 3523 Β,
247 3457 273 3507 Γ
289 3453 415 3522 aequalis
439 3455 525 3520 esset,
549 3456 689 3508 constareh
711 3454 895 3524 propositum
932 3456 1008 3510 idem
1032 3456 1067 3509 de

53 3541 80 3593 p
101 3530 166 3592 370,
186 3497 378 3578 8’dicendum.

108 3623 191 3663 Eucli
198 3625 245 3662 Me
249 3625 322 3673 ,.edd
337 3624 575 3672 HeibergotMenge
601 3624 634 3663 11.
872 3621 907 3670 24
