2514 4012
149 190 214 257 338
518 191 719 246 ΣΤΟΙΧΕΙΩΝ
738 187 777 259 η’.

212 331 302 401 Ἐπεὶ
324 331 388 422 γὰρ
413 336 448 401 οί
469 343 515 419 A,
534 340 563 400 Β
587 331 697 420 ὅμοιοι
722 334 882 400 ἐπίπεδοί
902 339 1002 404 εἰσιν
1010 386 1021 420 ,
1052 340 1120 405 των
1140 345 1175 422 A,

148 447 177 507 Β
210 437 274 528 ἄρα
307 433 355 519 εἷς
386 441 486 527 μέσος
513 437 684 526 ἀνάλογον
719 440 872 526 ἐμπίπτει
909 438 1082 529 ἀριθμός.
1129 445 1173 528 ἐμ

147 547 289 614 πιπτέτω
326 546 381 614 καὶ
415 551 498 614 ἔστω
531 543 550 613 ὁ
576 552 620 630 Γ,
651 545 707 612 καὶ
745 543 980 631 εἰλήφθωσαν
1016 547 1172 638 ἐλάχιστοι

148 649 289 741 ἀριθμοὶ
310 656 379 720 τῶν
402 651 461 721 τὸν
485 649 590 721 αὐτὸν
613 651 717 738 λόγον
741 649 892 738 ἐχόντων
915 668 997 734 τοῖς
1022 665 1074 742 Α,
1091 660 1169 742 Γ,Β

113 762 184 827 σοί
205 767 253 846 Λ,
272 765 317 844 Β,
342 764 381 825 Ζ·
412 760 448 825 οί
467 756 533 845 ἄρα
556 755 654 845 ἄκροι
678 755 789 825 αὐτῶν
814 758 850 825 οί
881 766 933 845 Λ,
955 766 989 827 Ζ
1019 762 1170 850 τετρύμω

147 870 206 933 νοί
226 869 323 932 εἰσιν.
360 864 416 931 καὶ
440 865 514 931 ἐπεί
533 866 624 932 ἐστιν
649 861 694 943 ὡς
717 861 735 933 ὁ
760 872 794 931 A
815 861 901 951 πρὸς
919 863 988 934 τὸν
1013 875 1056 954 Ζ,
1076 866 1169 946 οὕτως

147 969 165 1039 ὁ
199 980 231 1039 A
258 969 341 1059 πρὸς
368 970 428 1038 τὸν
456 978 499 1055 Β,
527 975 586 1038 καί
610 976 697 1039 εἰσιν
726 971 762 1038 οί
783 977 874 1057 Λ,Ζ
898 969 1165 1063 τετρύγωνοι,ί

147 1086 179 1144 A
201 1076 267 1165 ἄρα
289 1075 374 1165 πρὸς
395 1075 456 1145 τὸν
479 1084 508 1144 Β
531 1076 636 1164 λόγον
655 1083 738 1166 ἔχει,
766 1073 807 1146 ὃν
830 1077 1058 1167 τετράγωνος
1080 1080 1166 1169 ἀριθ-

147 1181 210 1269 μὸς
231 1181 316 1270 πρὸς
338 1183 549 1271 τετράγωνον
572 1182 736 1272 ἀριθμόν·
759 1181 839 1272 ὅπερ
863 1189 935 1253 ἔδει
963 1189 1088 1270 δεῖξαι.

95 1362 128 1411 10
623 1343 682 1426 κζ’.

214 1469 264 1533 Οί
288 1465 425 1553 ὅμοιοι
453 1467 608 1552 στερεοὶ
636 1464 804 1554 ἀριθμοὶ
835 1466 934 1554 πρὸς
967 1466 1164 1556 ἀλλήλους

144 1573 267 1658 λόγον
289 1578 469 1660 ἔχουσιν,
493 1569 539 1641 ὃν
560 1572 684 1658 κύβος
712 1570 883 1660 ἀριθμὸς
911 1573 1019 1661 πρὸς
1049 1575 1162 1662 κύβον

146 1676 335 1766 ἀριθμόν.

203 1783 376 1853 Ἔστωσαν
401 1783 512 1872 ὅμοιοι
535 1784 664 1872 στερεοὶ
687 1782 828 1872 ἀριθμοὶ
860 1786 896 1851 οί
916 1792 950 1852 Α
956 1836 967 1870 ,
996 1793 1041 1853 Β·
1072 1787 1162 1872 λέγω,

94 1917 127 1967 15
147 1887 198 1958 ὅτι
226 1890 244 1958 ὁ
273 1898 306 1956 A
333 1889 417 1979 πρὸς
442 1889 503 1959 τὸν
525 1897 554 1957 Β
577 1889 681 1976 λόγον
708 1894 787 1977 ἔχει,
816 1885 857 1958 ὃν
879 1889 990 1976 κύβος
1020 1888 1161 1981 ἀριθμὸς

144 1995 228 2085 πρὸς
250 1995 358 2082 κύβον
382 1994 542 2083 ἀριθμόν.

209 2100 297 2170 Ἐπεὶ
325 2099 389 2188 γὰρ
418 2103 454 2169 οί
473 2108 568 2185 Α,Β
598 2099 708 2188 ὅμοιοι
734 2107 864 2189 στερεοί
890 2105 998 2187 εἰσιν,
1029 2107 1101 2172 τῶν
1124 2112 1160 2186 Α,

143 2216 172 2276 Β
197 2208 261 2296 ἄρα
285 2206 348 2274 δύο
372 2208 467 2292 μέσοι
491 2204 659 2292 ἀνάλογον
680 2209 898 2293 ἐμπίπτουσιν
919 2204 1078 2295 ἀριθμοί.
1113 2212 1160 2295 ἐμ

143 2316 351 2382 πιπτέτωσαν
375 2316 410 2380 οί
432 2319 469 2397 Γ,
490 2321 532 2398 Δ,
556 2315 611 2380 καὶ
631 2313 851 2400 εἰλήφθωσαν
874 2313 1046 2401 ἐλάχιστοι
1066 2313 1160 2402 ἀριθ-

92 2450 126 2498 20
145 2422 203 2507 μοὶ
230 2424 297 2487 τῶν
325 2416 384 2486 τὸν
412 2416 517 2486 αὐτὸν
545 2418 649 2505 λόγον
673 2420 818 2507 ἐχόντων
841 2433 911 2498 τοῖς
933 2429 982 2506 A,
1002 2428 1047 2507 Γ,
1069 2428 1160 2507 Δ,Β

144 2537 211 2595 ίσοι
235 2524 350 2603 αὐτοῖς
372 2522 409 2593 τὸ
434 2529 564 2611 πλῆθος
588 2529 623 2592 οί
644 2533 688 2612 E,
709 2532 751 2610 Z,
769 2534 819 2610 H,
839 2532 880 2592 Θ·
915 2529 951 2593 οἱ
972 2525 1041 2614 ἄρα
1065 2526 1160 2614 ἄκροι

143 2632 257 2702 αύιοόν
282 2635 317 2699 οί
337 2639 382 2718 E,
401 2639 429 2698 Θ
451 2630 551 2717 κύβοι
574 2635 669 2699 εἰσίν.
715 2637 775 2699 καί
795 2635 884 2698 ἐστιν
908 2628 956 2710 ὡς
981 2629 1000 2699 ὁ
1026 2641 1059 2699 Β
1081 2631 1160 2720 πρὸς

143 2740 202 2808 τὸν
226 2747 269 2825 Θ,
298 2737 404 2818 οὕτως
433 2736 451 2806 ’ὃ
475 2749 507 2805 Α
534 2737 618 2825 πρὸς
646 2737 706 2805 τὸν
730 2746 771 2806 Β·
800 2738 855 2804 καί
884 2734 902 2805 ὁ
927 2747 959 2804 Α
983 2736 1054 2826 ἄρα
1078 2738 1159 2827 πρὸς

142 2844 202 2913 τὸν
222 2852 250 2912 Β
269 2848 373 2930 λόγον
392 2850 469 2930 ἔχει,
489 2841 530 2911 ὃν
548 2843 652 2930 κύβος
670 2841 816 2930 ἀριθμὸς
837 2841 921 2930 πρὸς
940 2841 1050 2926 κύβον
1066 2841 1159 2932 ἀριθ-

89 2978 122 3026 25
141 2951 220 3036 μόν·
246 2948 326 3038 ὅπερ
351 2955 419 3017 ἔδει
443 2953 557 3030 δεῖξαι.

215 3135 238 3182 1.
259 3126 313 3182 εἰσι
331 3126 394 3195 Vq).
485 3133 509 3181 4.
529 3128 598 3198 τοῖς]
624 3144 692 3181 corr.
718 3144 752 3181 ex
774 3145 817 3180 τοι
841 3145 876 3179 m.
902 3125 969 3180 ΞΡ.
1065 3131 1105 3196 Γ,
1123 3126 1158 3198 Β]

142 3203 177 3266 Β,
197 3200 270 3254 ΓΡ,
363 3206 387 3254 6,
408 3195 462 3252 είσι
480 3199 541 3266 ch.
634 3205 676 3251 11.
696 3195 740 3267 οί]
761 3215 815 3253 οω.
834 3196 864 3250 P.
958 3202 1000 3252 17.
1023 3195 1080 3252 εἰσι
1098 3198 1159 3265 Vw.

143 3277 184 3324 18.
205 3267 297 3339 μέσοι]
318 3288 356 3322 -οι
380 3286 395 3322 ο
419 3285 489 3323 corr.
512 3288 548 3325 m.
570 3274 583 3321 1
603 3269 634 3322 P.
709 3276 750 3324 19.
770 3263 907 3338 ἀριθμοί]
932 3284 987 3321 οω.
1011 3268 1042 3323 Β.
1119 3275 1159 3322 20.

142 3342 181 3411 B]
204 3344 224 3392 Z
244 3361 273 3409 φ.
365 3346 408 3394 22.
433 3338 490 3394 είσί
505 3339 568 3408 Vm.
660 3346 702 3393 23.
722 3339 771 3392 καὶ
794 3336 809 3393 ὁ
830 3346 852 3393 A
875 3335 932 3406 ἄρα
957 3334 1032 3407 πρὸς
1051 3334 1103 3393 τὸν
1123 3339 1159 3409 Β]

141 3429 198 3480 mg.
219 3431 249 3479 φ.
341 3417 384 3465 25.
409 3407 479 3480 ὅπερ
509 3409 567 3465 ἔδει
591 3410 702 3480 δεῖξαι]
728 3427 780 3465 om.
800 3411 831 3463 Β.
867 3410 900 3462 In
917 3409 972 3464 fine
999 3405 1160 3465 Εύκλείὸον

142 3484 286 3549 στοιχείων
304 3478 334 3548 η’
353 3482 384 3535 Ρ.

530 3593 769 3600 ,Μ’-.-
