2514 4012
196 197 261 262 286
581 200 782 254 Συουωιιια
800 197 841 268 η’.

682 404 720 445 ε.

265 503 313 567 Οί
335 501 517 570 ἐπίπεδοι
545 500 715 590 ἀριθμοὶ
743 502 841 590 πρὸς
870 501 1073 590 ἀλλήλους
1101 507 1213 592 λόγον

196 610 333 693 ἔχουσι
356 606 425 675 τὸν
449 615 716 696 συγκείμενον
740 611 780 676 ἐκ
802 613 879 677 των
901 614 1103 697 πλευρῶν.

253 713 428 782 Ἔστωσαν
452 717 602 784 ἐπίπεδοι
625 713 766 805 ἀριθμοὶ
791 719 826 784 oc
846 725 894 800 A,
913 723 959 801 Β,
984 717 1043 784 καὶ
1068 710 1133 787 τοῦ
1155 718 1210 806 μὲν

160 829 227 887 5A
254 820 394 907 πλευραὶ
426 825 575 889 ἔστωσαν
604 825 639 889 οί
664 828 706 908 Γ,
727 832 760 889 A
788 820 946 911 ἀριθμοί,
975 826 1038 890 τοῦ
1071 823 1112 892 δὲ
1133 832 1161 891 Β
1183 827 1212 890 οί

195 934 239 1013 Ε,
261 935 301 995 Ζ·
332 928 434 1013 λέγω,
467 927 518 994 ὅτι
549 925 568 994 5
596 937 628 995 A
659 925 742 1015 πρὸς
770 928 830 996 τὸν
858 935 886 994 Β
919 926 1025 1013 λόγον
1057 933 1128 1016 ἔχει
1155 929 1208 998 τὸν

195 1039 414 1120 συγκείμενον
438 1035 474 1101 ἐκ
497 1037 565 1102 των
588 1039 754 1120 πλευρῶν.

261 1138 386 1226 Λόγων
413 1140 478 1227 γὰρ
507 1140 680 1231 δοθέντων
712 1144 773 1209 τοῦ
800 1168 835 1209 τε
866 1137 906 1208 ὃν
930 1137 1040 1227 ἔχειὸ
1073 1149 1108 1210 Γ
1135 1141 1210 1231 πρὸς

193 1244 255 1315 τὸν
286 1254 319 1314 Ε
342 1247 399 1314 καὶ
428 1243 445 1315 5
475 1253 508 1313 Δ
535 1246 620 1334 πρὸς
652 1247 715 1314 τὸν
750 1255 777 1314 Ζ
813 1245 1034 1334 εἰλήφθωσαν
1071 1247 1209 1336 άριθμολ

143 1368 175 1416 10
194 1352 268 1437 ἑξῆς
291 1350 457 1440 ἐλάχιστοι
481 1355 518 1421 ἐν
540 1367 609 1432 τοῖς
632 1359 664 1420 Γ
678 1360 722 1438 Ε,
746 1361 779 1420 A
799 1361 826 1420 Ζ
844 1352 966 1440 λόγοις,
991 1356 1027 1420 οί
1044 1361 1094 1441 Η,
1114 1362 1152 1441 Θ,
1170 1361 1208 1440 K,

194 1456 278 1526 ὥστε
310 1455 397 1526 εἶναι
428 1455 473 1538 ὡς
503 1458 564 1546 μὲν
593 1459 654 1528 τὸν
682 1467 714 1528 Γ
739 1458 823 1544 πρὸς
849 1458 912 1528 τὸν
939 1466 984 1545 Ε,
1014 1458 1126 1540 οὕτως
1153 1459 1209 1529 τόν

193 1572 233 1632 Η
258 1564 341 1653 πρὸς
368 1563 431 1633 τὸν
459 1573 501 1651 Θ,
534 1563 579 1647 ὡς
607 1565 644 1634 55
671 1565 732 1634 τὸν
764 1574 797 1633 A
824 1564 907 1653 πρὸς
934 1563 995 1632 τὸν
1029 1573 1076 1652 Ζ,
1108 1565 1209 1646 οὕτως

192 1671 254 1739 τόν
277 1679 306 1739 Θ
329 1671 413 1760 πρὸς
436 1671 496 1741 τὸν
519 1679 562 1741 Κ.
607 1673 663 1740 καὶ
679 1661 706 1740 5
732 1681 765 1740 Δ
787 1672 848 1740 τὸν
867 1679 900 1739 Ε
915 1673 1209 1753 πολλαπλασιάσας

193 1779 255 1846 τὸν
278 1785 309 1845 Λ
331 1783 476 1847 ποιείτω.

143 1903 175 1952 15
260 1885 329 1952 Καὶ
353 1885 422 1953 ἐπεὶ
445 1883 464 1954 5
488 1893 522 1952 A
549 1883 611 1953 τόν
639 1884 700 1971 μὲν
724 1892 756 1953 Γ
774 1884 1072 1966 πολλαπλασιάσας
1096 1886 1158 1955 τόν
1178 1893 1208 1952 A

192 1995 383 2076 πεποίηκεν,
401 1988 462 2060 τὸν
478 1990 515 2059 55
534 1999 565 2058 Ε
581 1991 875 2071 πολλαπλασιάσας
888 1992 948 2060 τὸν
967 1999 999 2058 A
1018 1999 1206 2080 πεποίηκεν,

193 2101 284 2164 ἔστιν
308 2095 374 2183 άρα
397 2095 442 2177 ὡς
466 2093 484 2165 5
509 2104 541 2165 Γ
559 2097 643 2187 πρὸς
666 2097 726 2165 τὸν
749 2105 794 2182 Ε,
818 2099 925 2177 οὕτως
948 2094 966 2166 5
991 2107 1023 2166 A
1045 2098 1133 2185 πρὸς
1150 2097 1206 2166 τόν

193 2211 231 2270 Λ.
270 2201 314 2282 ὡς
337 2203 374 2270 55
398 2201 414 2272 5
441 2209 472 2271 Γ
492 2203 576 2290 πρὸς
599 2204 661 2271 τὸν
685 2211 724 2289 Ε,
750 2202 855 2283 οὕτως
879 2202 896 2272 5
921 2211 961 2271 H
978 2203 1063 2291 πρὸς
1085 2206 1146 2274 τόν
1165 2213 1205 2272 Θ·

192 2310 247 2376 καὶ
272 2307 316 2388 ὡς
344 2308 409 2396 άρα
437 2307 455 2377 5
487 2316 527 2375 H
550 2308 633 2395 πρὸς
656 2308 716 2376 τὸν
741 2317 783 2395 Θ,
808 2310 914 2389 οὕτως
941 2307 959 2377 5
983 2319 1016 2377 A
1038 2310 1125 2397 πρὸς
1147 2309 1204 2378 τόν

141 2434 175 2482 20
196 2421 235 2481 A.
281 2415 397 2501 πάλιν,
426 2416 495 2482 ἐπεὶ
523 2413 541 2482 ὁ
570 2424 601 2482 Ε
627 2414 689 2482 τόν
718 2425 751 2482 A
778 2415 1072 2493 πολλαπλασιάσας
1095 2416 1205 2483 τὸνΛ

191 2527 384 2607 πεποίηκεν,
409 2519 493 2588 άλλόι
517 2521 585 2608 μὴν
608 2522 665 2589 καὶ
688 2521 748 2589 τὸν
773 2529 800 2588 Ζ
823 2522 1119 2602 πολλαπλασιάσας
1146 2522 1202 2590 τὸν

191 2634 219 2693 Β
243 2633 438 2713 πεποίηκεν,
463 2633 553 2695 ἔστιν
577 2626 643 2712 άρα
668 2626 712 2706 ὡς
736 2626 753 2696 5
779 2637 813 2695 A
836 2628 920 2715 πρὸς
942 2626 1004 2696 τὸν
1030 2635 1073 2713 Ζ,
1104 2627 1204 2705 οὕτως

192 2733 209 2802 5
235 2742 265 2802 A
289 2736 371 2822 πρὸς
394 2735 455 2802 τὸν
478 2743 516 2803 B.
562 2733 636 2802 ἀλλ’
670 2733 714 2814 ὡς
737 2731 755 2801 5
781 2743 814 2800 A
836 2734 920 2824 πρὸς
942 2734 1003 2801 τόν
1028 2742 1071 2819 Ζ,
1101 2735 1203 2811 οὕτως

192 2840 209 2909 5
234 2849 263 2909 Θ
285 2840 368 2929 πρὸς
389 2839 450 2908 τὸν
474 2849 518 2908 Κ·
546 2841 602 2908 καὶ
634 2837 678 2920 ὥς
707 2841 773 2928 άρα
798 2837 815 2906 5
841 2847 870 2908 Θ
892 2839 976 2926 πρὸς
998 2839 1059 2908 τὸν
1085 2849 1128 2925 K,
1153 2840 1202 2906 05-

138 2962 172 3011 25
191 2975 256 3026 τως
279 2945 297 3015 5
322 2956 353 3014 A
375 2947 459 3033 πρὸς
481 2947 541 3015 τὸν
565 2954 603 3013 Β.
649 2949 784 3033 ἐδείχθη
814 2946 851 3013 55
873 2947 929 3013 καὶ
954 2944 997 3025 ὡς
1022 2943 1039 3014 5
1064 2953 1106 3012 H
1124 2945 1203 3033 πρὸς
1228 2992 1230 2995 -

191 3053 253 3121 τὸν
277 3061 321 3139 Θ,
350 3051 456 3132 οὕτως
484 3051 502 3121 5
530 3062 562 3121 A
589 3050 673 3139 πρὸς
696 3050 755 3119 τὸν
780 3058 822 3118 A·
854 3049 899 3117 δι’
926 3061 1002 3120 ίσου
1026 3051 1093 3138 άρα
1117 3053 1203 3121 ἐστίν

263 3264 288 3311 4
309 3258 397 3344 μεν]
395 3275 448 3311 om
468 3258 498 3310 P
582 3263 606 3311 8
626 3250 734 3344 γάρ]
717 3257 813 3323 αειφ
896 3261 938 3308 11.
958 3275 1008 3308 τον
1029 3252 1204 3326 Η]οΗΡ

194 3335 235 3385 12.
254 3326 304 3383 τὸν
323 3324 397 3399 A]
386 3350 401 3382 ο
422 3326 495 3381 AP.
563 3334 604 3382 13.
624 3324 704 3381 καὶ
693 3348 707 3380 ο
729 3332 802 3379 A·-
819 3332 865 3379 14:
884 3325 1012 3413 ποιείτω]
1034 3343 1087 3381 om.
1109 3328 1204 3382 Theon

192 3400 305 3485 (Ενφ).
352 3416 448 3453 eorum
474 3399 537 3453 loco
566 3399 674 3452 habent
703 3397 797 3465 BVqJ:
831 3394 860 3451 οί
885 3393 941 3483 άρα
966 3400 1007 3463 Η,
1028 3399 1067 3463 Θ,
1087 3403 1116 3452 K
1136 3394 1205 3465 πρὸς

190 3466 332 3555 άλλήλους
345 3469 440 3555 ἔχουσι
458 3467 525 3532 τοὺς
543 3470 600 3523 τῶν
620 3470 749 3538 πλευρόν
767 3465 877 3552 λόγους.
914 3463 977 3521 ἄλλ’
995 3467 1078 3522 ότοῦ
1095 3473 1126 3522 Η
1137 3466 1205 3536 πρὸς

189 3539 239 3593 τὸν
257 3543 284 3593 K
301 3538 384 3608 λόγος
403 3536 599 3609 σάγαειταια
567 3535 599 3594 ἔτι
617 3541 669 3594 τοῦ
689 3541 739 3594 τοῦ
759 3541 789 3591 Η
805 3535 876 3608 πρὸς
895 3535 946 3593 τόν
968 3540 992 3592 Θ
1011 3538 1061 3593 καὶ
1084 3541 1135 3594 τοῦ
1155 3540 1205 3593 τοῦ
