2514 4012
142 208 209 274 376
521 204 785 262 mmmm.

142 356 210 418 τῶν
239 359 323 435 ΔΕ,
346 358 406 418 ΕΖ
433 349 565 438 πρῶτός
592 352 690 418 ἐστιν.
737 346 822 416 ἀλλὰ
862 349 937 438 μὴν
975 351 1038 418 καλ
1072 348 1174 419 ὁΔΕ

142 457 226 544 πρὸς
252 456 313 525 τὸν
344 465 407 525 ΕΖ
434 457 565 546 πρῶτός
591 458 695 525 ἐστιν·
724 459 759 523 οἱ
785 464 872 541 ΔΖ,
895 465 976 524 ΔΕ
1005 457 1075 546 ἄρα
1101 455 1171 546 πρὸς

142 565 204 631 τὸν
227 572 289 632 ΕΖ
312 568 442 650 πρῶτοί
458 567 553 632 εἰσιν.
595 563 655 632 ἐὰν
679 562 716 631 66
740 562 803 645 δύο
823 561 983 650 ἀριθμοὶ
1003 565 1091 653 πρός
1108 591 1170 633 τινα

143 669 294 756 ἀριθμὸν
326 676 452 757 πρῶτοι
485 663 585 757 ὦσιν,
617 671 673 738 καὶ
706 668 724 738 6
763 672 797 750 ἐξ
829 668 956 739 αὐτῶν
998 672 1167 758 γενόμενος

108 775 226 862 ὁπρὸς
253 775 312 845 τὸν
340 775 460 845 λοιπὸν
488 777 617 863 πρῶτός
644 779 748 845 ἐστιν·
777 775 862 845 ὥστε
892 775 913 845 6
941 781 982 846 ἐκ
1007 784 1079 847 τῶν
1102 785 1164 859 ΖΔ,

144 891 213 951 ΔΕ
234 882 317 970 πρὸς
339 882 399 951 τὸν
424 893 485 953 ΕΖ
508 883 638 969 πρῶτός
662 887 764 952 ἐστιν·
793 881 969 951 ὥστεκαὶ
996 883 1016 953 6
1047 889 1084 954 ἐκ
1109 889 1164 954 τῶν

143 997 224 1075 ΖΛ,
246 998 316 1058 ΔΕ
336 989 419 1076 πρὸς
441 989 502 1057 τὸν
525 988 591 1057 ἀπὸ
613 995 675 1058 τοῦ
703 998 761 1057 ΕΖ
783 989 919 1076 πρῶτός
953 994 1060 1061 ἐστιν.
1100 989 1161 1076 [ἐὰν

142 1094 206 1183 γὰρ
235 1096 299 1164 660
326 1097 468 1183 ἀριθμοὶ
495 1102 623 1183 πρῶτοι
650 1096 734 1183 πρὸς
761 1095 933 1181 ἀλλήλους
960 1090 1068 1183 ὦσιν,
1097 1095 1114 1166 6
1136 1098 1162 1164 ἐκ

142 1212 202 1270 τοῦ
231 1202 307 1282 ἑνὸς
334 1201 448 1271 αὐτῶν
475 1203 656 1290 γενόμενος
683 1201 767 1289 πρὸς
792 1201 852 1271 τὸν
880 1203 1012 1272 λοιπὸν
1043 1201 1160 1292 πρῶτός

92 1322 124 1370 10
143 1313 256 1393 ἐστιν].
304 1308 377 1377 ἀλλ’
404 1307 423 1377 6
447 1313 573 1378 ἐκτῶν
597 1318 679 1396 ΖΔ,
699 1318 769 1377 ΔΕ
790 1307 808 1378 6
833 1307 899 1377 ἀπὸ
925 1314 992 1378 τοῦ
1013 1318 1088 1379 ΔΕ
1104 1313 1158 1378 ἐστι

143 1415 223 1501 μετὰ
248 1421 309 1484 τοῦ
333 1419 368 1484 ἐκ
392 1421 459 1485 τῶν
484 1424 568 1502 ΔΕ,
588 1424 662 1484 ΕΖ·
687 1414 706 1484 6
730 1415 796 1505 ἄρα
820 1413 885 1483 ἀπὸ
909 1421 976 1484 τοῦ
998 1426 1075 1485 ΔΕ
1090 1412 1158 1503 μετὰ

142 1526 203 1589 τοῦ
227 1524 354 1591 ἐκτῶν
378 1531 458 1609 ΔΕ,
478 1531 540 1591 ΕΖ
567 1522 652 1609 πρὸς
673 1521 734 1591 τὸν
757 1519 821 1591 ἀπὸ
846 1525 908 1589 τοῦ
939 1531 1006 1590 ΕΖ
1039 1520 1159 1608 πρῶτός

143 1631 241 1696 ἐστιν.
286 1635 346 1697 καί
372 1632 462 1698 ἐστιν
489 1627 507 1698 6
536 1630 598 1716 μὲν
625 1627 691 1697 ἀπὸ
719 1637 780 1697 τοῦ
804 1626 916 1696 ΔΕὸ
943 1639 992 1712 Α,
1027 1627 1046 1696 6
1073 1628 1158 1696 δὲέκ

142 1739 210 1803 τῶν
235 1744 317 1821 ΛΕ,
337 1743 400 1803 ΕΖ
423 1733 441 1804 6
466 1744 509 1821 Β,
534 1734 552 1804 6
578 1737 615 1804 δὲ
639 1735 704 1804 ἀπὸ
728 1740 789 1804 τοῦ
810 1743 872 1803 ΕΖ
896 1731 915 1802 6
940 1742 984 1802 Γ”
1016 1739 1055 1803 οἱ
1075 1739 1159 1819 Α,Β

91 1853 123 1902 15
142 1838 208 1927 ἄρα
237 1844 455 1922 συντεθέντες
482 1842 565 1929 πρὸς
592 1843 653 1911 τὸν
681 1850 713 1912 Γ
736 1847 865 1930 πρῶτοί
892 1847 991 1909 εἰσιν.
1045 1839 1159 1927 ὁμοίως

143 1945 185 2034 δὴ
219 1950 386 2034 δείξομεν,
420 1947 471 2017 ὅτι
503 1950 559 2017 καὶ
588 1953 623 2018 ολ
647 1958 692 2034 Β,
712 1956 744 2018 Γ
771 1946 854 2035 πρὸς
884 1947 947 2015 τὸν
975 1957 1013 2014 Α
1042 1950 1161 2035 πρῶτοί

142 2057 238 2122 εἰσιν.
282 2056 368 2141 λέγω
392 2054 446 2141 δή,
471 2053 523 2123 ὅτι
545 2057 601 2122 καὶ
625 2059 660 2123 ολ
681 2064 724 2141 Α,
744 2062 776 2124 Γ
794 2055 877 2141 πρὸς
899 2051 963 2121 τὸν
982 2061 1015 2120 Β
1041 2056 1162 2142 πρῶτοί

143 2163 238 2227 εἰσιν.
284 2161 354 2228 ἐπεὶ
377 2161 442 2248 γὰρ
467 2159 485 2228 6
511 2170 577 2228 ΛΖ
601 2161 684 2247 πρὸς
708 2162 864 2246 ἑκάτερον
892 2164 962 2227 τῶν
997 2169 1087 2246 ΔΕ,
1108 2165 1160 2226 ΕΖ

142 2265 274 2351 πρῶτός
302 2269 407 2352 ἐστιν,
436 2270 491 2334 καὶ
521 2266 539 2336 6
569 2267 633 2335 ἀπὸ
662 2273 723 2335 τοῦ
749 2274 815 2333 ΛΖ
838 2264 921 2352 πρὸς
945 2264 1009 2332 τὸν
1037 2270 1074 2335 ἐκ
1101 2271 1161 2333 τῶν

89 2384 124 2431 20
145 2379 227 2455 ΔΕ,
248 2380 309 2438 ΕΖ
333 2373 462 2459 πρῶτός
487 2377 586 2441 ἐστιν.
633 2372 717 2441 ἀλλὰ
741 2379 786 2465 τῷ
810 2372 876 2439 ἀπὸ
901 2377 964 2439 τοῦ
999 2382 1071 2440 ΔΖ
1101 2383 1161 2440 ι”σοι

143 2476 229 2543 εἰσὶν
254 2480 289 2544 οἱ
309 2476 374 2546 ἀπὸ
398 2484 466 2547 τῶν
491 2489 569 2566 ΑΕ,
591 2488 653 2546 ΕΖ
677 2477 757 2565 μετὰ
776 2483 836 2546 τοῦ
857 2478 908 2556 δὶς
929 2480 965 2543 ἐκ
989 2485 1066 2547 τῶν
1090 2486 1163 2562 ΔΕ,

142 2589 217 2648 ΕΖ·
250 2585 305 2649 καὶ
339 2588 374 2652 06
404 2584 470 2653 ἀπὸ
504 2591 572 2653 τῶν
607 2594 691 2669 ΔΕ,
711 2592 773 2651 ΕΖ
807 2582 870 2671 ἄρα
904 2582 986 2668 μετὰ
1018 2590 1085 2653 τοῦ
1118 2586 1165 2662 δὶς

142 2688 207 2757 ὑπὸ
232 2695 300 2758 τῶν
325 2700 407 2776 ΛΕ,
428 2701 490 2759 ΕΖ
513 2692 596 2779 πρὸς
619 2690 679 2759 τὸν
703 2688 768 2758 ὑπὸ
793 2693 860 2757 τῶν
886 2697 964 2773 ΔΕ,
984 2698 1056 2759 ΕΖ
1085 2695 1193 2778 πρῶ··

143 2802 198 2864 τοί
225 2801 327 2880 [elad.
373 2798 518 2866 διελόντι
548 2801 583 2866 06
609 2796 674 2865 ἀπὸ
704 2800 772 2865 τῶν
797 2803 878 2880 ΔΕ,
899 2803 962 2861 ΕΖ
991 2798 1079 2882 μετὰ
1110 2800 1168 2864 τοῦ

215 3051 238 3098 2.
254 3064 358 3129 πρωτοι
354 3044 426 3099 εἶσι
440 3065 510 3112 προς
524 3042 642 3098 τονΕΖ
658 3044 720 3111 Vq).
758 3062 828 3109 προς
842 3062 892 3094 τον
907 3041 971 3111 ΕΖ]
984 3057 1044 3098 om
1059 3048 1089 3100 B.
1147 3053 1169 3101 6

143 3113 232 3182 slotq.
271 3111 415 3170 ἕὰνὸέ-
427 3123 456 3169 5:
473 3111 748 3184 πρῶτόςέστιν]οω.
759 3111 1005 3181 Theonfflthq)
1050 3114 1170 3205 5.ὦστε]

142 3187 194 3238 καί
214 3184 310 3241 Theon
325 3187 459 3256 (BVqu)
509 3187 575 3270 ΖΔ]
597 3190 703 3253 Athq
722 3184 793 3238 etin
813 3201 866 3238 ras
881 3184 913 3236 V.
981 3190 1006 3237 6.
1031 3186 1136 3241 ΔΕ
1117 3208 1172 3254 apa

142 3257 240 3309 Theon
260 3257 355 3325 (va
363 3261 405 3325 q)
462 3264 485 3311 6.
506 3251 575 3310 ω’στε
596 3258 692 3309 καί-
708 3262 736 3308 7:
760 3248 1055 3344 πρῶτόςέστίν]οω
1073 3260 1172 3314 Theon

143 3326 279 3395 (BVqu)
370 3334 393 3382 8
414 3324 484 3416 γάρ]
512 3327 545 3382 δέ
569 3329 666 3381 Theon
690 3326 824 3411 (BVoeq).
899 3321 1006 3412 ἐκ]’
988 3328 1053 3382 από
1075 3331 1174 3386 Theon

143 3397 277 3465 (Βλλφᾳ)
352 3405 392 3452 10.
401 3395 511 3485 ἐστιν]
537 3400 600 3451 add
625 3399 733 3451 Theon:
759 3391 827 3450 ὥστε
853 3391 867 3448 6
893 3390 924 3448 ἐκ
943 3398 1001 3449 τῶν
1025 3404 1098 3467 ΖΔ,
1119 3405 1174 3456 ΔΕ

142 3468 191 3520 καὶ
219 3467 288 3535 πρὸς
315 3465 366 3524 τὸν
391 3465 448 3524 ἀπὸ
473 3490 523 3523 του
548 3474 599 3522 ΕΖ
623 3465 732 3535 πρῶτός
757 3464 831 3522 ἐστιν
857 3465 995 3534 (Βλῖφᾳ).
1045 3445 1120 3528 ἄλλά
1146 3475 1174 3527 Ρ

144 3537 219 3590 ἐστιν
242 3537 330 3607 PVq).
425 3547 466 3594 11.
492 3537 619 3610 ἐκ]ὑπό
646 3558 663 3608 q
687 3541 716 3593 et
741 3555 825 3608 supra
852 3554 901 3590 scr.
926 3556 964 3592 m
986 3543 1065 3597 2V
1161 3539 1175 3600 ὁ
