2514 4012
321 197 596 250 mammarum
613 198 723 251 amaa
740 199 787 253 vr.
1011 194 1075 261 157

56 341 119 408 alii
150 341 275 428 figurae
307 340 403 408 datae
438 347 473 406 Δ
500 340 645 425 aequalis
675 339 786 405 eadem
813 343 1000 408 eonatmota
1027 345 1078 407 eat

58 448 168 535 figura
190 448 268 513 KH
272 450 313 532 ῦς
337 447 424 532 quod
447 447 622 532 oportebat
643 446 723 513 fieri.

507 602 628 673 XXVI.

132 711 168 779 Si
191 736 211 779 a
232 712 540 798 parallelogrammo
564 713 710 778 aufertur
732 713 1077 798 parallelogrammum

59 821 128 888 toti
156 820 261 886 simile
286 822 318 885 et
347 817 497 885 similiter
523 820 666 904 positum
689 823 722 884 et
745 840 950 885 communem
973 839 1077 905 angu-

58 926 133 993 lum
159 926 299 1011 habena,
326 926 447 991 airoum
475 923 610 991 eandem
638 925 832 991 diametrum
860 926 1003 1013 positum
1026 929 1078 991 eat

59 1054 100 1098 ⁸⁰
123 1036 255 1205 liiidie
272 1138 580 1223 parallelogrammo
599 1140 734 1202 ΑΒΓΔ
753 1135 920 1203 auferatur
937 1137 1076 1223 paralle-

63 1246 285 1332 logrammum
312 1248 377 1309 ΑΖ
410 1243 516 1309 simile
547 1243 855 1329 parallelogrammo
884 1246 1018 1309 ΑΒΓΔ
1045 1246 1078 1309 et
1196 1240 1206 1257 ⁶

57 1351 213 1418 similiter
230 1349 374 1436 positum
388 1355 421 1416 et
435 1371 640 1417 communem
656 1349 781 1417 habens
796 1351 952 1438 angulum
967 1353 1078 1416 ΔΑΒ.

62 1458 151 1543 dieo,
179 1459 313 1523 ΑΒΓΔ
336 1461 373 1538 ¹et
395 1462 458 1522 ΑΖ
487 1457 609 1524 airaum
638 1457 773 1522 eandem
796 1457 991 1523 diametrum
1019 1480 1078 1543 po·

59 1563 128 1629 sita
151 1584 230 1628 esse.
749 1653 797 1716 ‘t
865 1652 872 1666 ·
989 1652 1009 1717 d
1066 1654 1073 1668 Ο

662 1673 703 1718 ne
730 1673 781 1717 sm
821 1672 905 1716 emm
953 1673 987 1718 se
1047 1673 1074 1718 ar

506 1731 545 1797 Δ
595 1758 667 1823 fieri
684 1760 811 1843 potest,
836 1702 1023 1824 diarrietrus,
1036 1759 1079 1824 sit

596 1870 629 1930 A
635 1862 733 1952 011¹)
780 1868 814 1930 et
832 1865 990 1949 producta
1009 1866 1078 1930 ΗΖ

596 1972 637 2037 ad
667 1974 696 2035 Θ
723 1967 925 2056 eduoatur²)‚
958 1975 991 2036 et
1020 1991 1078 2056 per

597 2082 626 2142 Θ
644 2079 773 2162 utrique
795 2082 876 2163 ΑΔ,
894 2078 962 2142 ΒΓ
970 2077 1078 2163 paral·

595 2184 661 2251 lela
692 2184 828 2250 dueatur
862 2186 931 2249 ΘΚ
963 2182 1008 2270 [1,
1035 2182 1077 2249 31

597 2294 630 2355 et
671 2289 747 2372 30].
811 2291 878 2355 iam
926 2290 1079 2375 quoniam

60 2400 196 2463 ΑΒΓΔ
223 2400 257 2463 et
284 2397 359 2460 KH
383 2395 505 2461 circum
533 2396 667 2462 eandem
698 2396 890 2462 diametrum
914 2397 990 2461 sunt
1021 2418 1080 2482 po-

60 2504 139 2588 sita,
181 2504 243 2568 erit
280 2507 349 2567 ΔΑ
372 2525 379 2566 :
401 2506 468 2567 AB
492 2532 535 2554 =
559 2505 630 2568 HA
654 2526 662 2568 ε
684 2500 800 2588 ΑΚΒ)
856 2502 911 2569 sed
947 2506 1081 2588 propter

59 2609 306 2677 similitudinem
344 2608 724 2696 parallelogrammorum
756 2611 904 2694 ΑΒΓΔ,
926 2612 1000 2674 ΒΗ
1015 2611 1080 2675 erit

59 2717 161 2782 etiam
186 2715 268 2798 [def.
294 2716 333 2797 1]
359 2718 792 2781 AA2AB=HA:AE.
842 2716 952 2800 itaque
980 2716 1081 2781 etiam

135 2856 161 2925 1)
179 2853 285 2909 Debuit
312 2855 353 2910 ita
375 2855 481 2910 dicere:
509 2871 575 2909 uam
604 2854 629 2908 si
651 2862 673 2909 A
680 2858 732 2909 ΖΓ
755 2854 907 2909 diametrus
930 2855 1081 2925 parallelo-

59 2925 183 2998 grammi
205 2930 263 2980 ΑΓ
284 2942 341 2981 uon
360 2928 416 2994 eat,
435 2924 474 2980 sit
492 2927 583 2980 ΑΘΓ.
621 2925 750 2996 adparet,
775 2921 870 2981 αὐτῶν
893 2925 942 2982 lin.
956 2931 996 2981 ’13
1015 2925 1081 2982 ferri

60 3013 121 3052 non
138 3012 232 3081 poree,
244 2996 301 3081 ⁸aed
318 2996 416 3053 malim
436 3014 499 3052 cum
517 2997 571 3051 FV
590 2996 683 3053 delere
702 3015 786 3080 quam
809 2997 929 3080 oumvPe
981 2995 1034 3081 rdo
1050 2998 1081 3052 in

61 3063 334 3194 aitoplhporrppprm
364 3068 510 3194 gloaaetma¹³
532 3069 632 3137 sponte
661 3070 691 3124 et
717 3088 747 3123 m
774 3070 796 3123 P
821 3071 850 3125 et
876 3087 906 3122 m
973 3069 1080 3125 eomnia

59 3154 161 3279 Ἥ
180 3155 535 3282 ttattttttta
552 3211 605 3265 aa.
624 3210 673 3264 a
690 3217 793 3266 14-15
813 3228 867 3268 om.
887 3211 993 3278 ulan,
1013 3212 1081 3281 qua

61 3278 94 3336 in
118 3280 209 3351 figura
233 3280 313 3337 codd.
340 3283 516 3352 permutatae
544 3283 609 3335 sunt
630 3281 744 3337 litterae
764 3286 802 3354 E,
822 3287 843 3336 Z
862 3283 891 3337 et
909 3287 948 3353 K,
969 3284 1006 3348 Θς
1031 3281 1080 3352 afr,

60 3369 89 3423 p.
121 3355 186 3420 158,
214 3357 238 3408 3.
286 3369 338 3423 ego
374 3369 437 3407 oum
469 3353 598 3422 Augusto
622 3352 667 3406 hia
696 3353 789 3409 uerbis
814 3354 931 3409 retentis
960 3368 1080 3410 errorem

59 3439 86 3493 p.
109 3428 174 3505 tte,
194 3429 210 3477 3
230 3426 259 3478 et
276 3423 397 3493 figuram
415 3424 553 3494 corrigere
572 3423 667 3479 malui.
705 3422 841 3496 Campani
859 3424 949 3496 figura
967 3427 1079 3481 nostrae
1208 3499 1214 3509 ⁴

58 3493 180 3550 aimrlior
198 3495 248 3549 eat

131 3566 159 3634 3)
178 3565 253 3620 Nam
272 3565 377 3622 similia
396 3570 460 3622 sunt
479 3570 569 3637 (prop.
590 3569 650 3637 24);
668 3569 730 3622 tum
748 3585 775 3624 a
794 3567 849 3625 def.
871 3573 894 3624 1.
