2514 4012
351 189 628 243 nummatior
646 190 754 242 LIBER
773 190 794 243 I.
1041 188 1083 254 19

65 335 227 401 cuerimus
251 337 285 398 et
307 337 463 417 punctum
478 340 510 397 A
531 333 567 397 in
582 337 616 396 A
635 336 755 415 puncto
779 333 994 416 posuerimus,
1016 353 1084 399 rec·

64 448 133 507 tam
168 445 277 506 autem
300 444 366 505 AB
399 440 433 504 in
457 443 539 518 ΔΕ,
568 439 666 503 etiam
689 441 718 502 B
741 442 898 523 punctum
921 438 955 502 in
980 442 1013 503 Β
1033 460 1084 504 ca·

65 549 135 633 det,
163 547 241 632 quia
264 550 329 611 AB
344 576 386 599 =
402 550 478 611 ΔΒ.
523 545 687 630 adplicata
708 544 774 610 iam
797 550 863 610 AB
884 549 991 610 rectae
1016 549 1087 611 ΔΒ

64 655 166 720 etiarn
189 655 260 718 ΑΓ
283 656 373 718 recta
400 674 473 718 cnm
496 656 563 716 ΔΖ
591 654 762 736 congruet,
793 651 869 734 quia
891 654 1083 727 LBAF=

65 765 179 827 ΕΔΖ.
220 781 319 845 quara
342 760 440 824 etiam
462 762 619 843 punctum
643 761 675 822 Γ
694 759 728 822 in
752 760 780 820 Z
801 761 957 841 punctum
981 759 1084 845 cadet,

64 869 144 954 qnia
172 889 283 932 rursus
312 869 434 930 Ar=
449 869 525 931 AZ.
570 885 685 929 uerum
713 862 812 929 etiam
839 868 867 928 Β
891 863 926 928 in
951 869 983 929 E
1003 866 1083 932 oeci·

63 974 173 1057 derat3
198 992 296 1058 quare
319 971 407 1036 basis
431 973 497 1036 ΒΓ
514 972 551 1035 in
572 970 678 1036 basim
693 973 756 1034 ΕΖ
769 970 872 1034 cadet.
895 991 985 1055 nam,
1009 993 1083 1039 cum

63 1085 92 1145 Β
117 1081 154 1144 in
178 1083 222 1164 Β,
243 1080 276 1143 Γ
295 1099 372 1143 uero
395 1079 430 1143 in
454 1082 482 1142 Z
504 1076 663 1161 ceciderit,
687 1076 715 1140 si
737 1077 786 1142 ita
808 1077 897 1142 basis
921 1080 990 1141 ΒΓ
1009 1100 1082 1144 curn

62 1191 129 1253 ΒΖ
152 1207 222 1252 non
251 1188 421 1270 congruet,
451 1183 533 1248 duae
559 1186 668 1248 rectae
701 1182 843 1267 spatium
874 1183 1082 1270 comprehen-

61 1293 158 1376 dent3
182 1291 268 1376 quod
290 1291 360 1355 lieri
382 1312 449 1356 non
471 1293 581 1375 potest
612 1291 653 1370 [κ.
677 1289 745 1354 ivo.
769 1290 813 1372 9].
859 1290 1082 1375 itaque.basis

62 1402 133 1465 ΒΓ
152 1421 227 1464 cum
251 1401 314 1462 ΕΖ
337 1400 493 1482 congruet
515 1399 548 1460 et
571 1394 715 1479 aequalis
739 1397 769 1460 ei
792 1394 853 1461 orit
877 1399 919 1478 [κ.
942 1397 1012 1462 ἔνν.
1039 1399 1082 1480 7].

62 1527 168 1593 quare
193 1504 291 1569 etiam
313 1507 403 1569 totus
422 1502 607 1587 triangulus
622 1505 688 1565 AB
694 1504 726 1567 Γ
736 1523 808 1567 cum
826 1506 898 1568 toto
913 1504 1082 1589 triangulo

63 1616 171 1678 ΔΕΖ
199 1614 357 1696 congruet
385 1611 418 1674 et
447 1609 477 1673 ei
499 1608 644 1693 aequalis
667 1608 742 1693 erit,
773 1612 806 1674 et
828 1609 945 1693 reliqui
968 1610 1082 1695 anguli

62 1741 140 1785 cum
164 1716 298 1801 reliquis
322 1718 502 1802 congruent
524 1719 558 1780 et
581 1715 732 1799 aequales
756 1715 796 1779 iis
819 1719 924 1800 eruut,
948 1718 1087 1790 [ΑΒΓ

62 1856 108 1878 =
126 1827 228 1888 ΔΕΖ
252 1826 286 1887 et
309 1825 441 1899 [ΑΓΒ
457 1853 498 1875 =
515 1825 625 1887 AZE.

109 1983 202 2068 Ergo
231 1982 259 2046 si
286 1981 350 2046 duo
378 1981 535 2066 trianguli
560 1980 624 2045 duo
647 1981 751 2045 latera
772 1981 898 2046 duobus
923 1980 1082 2045 lateribus

62 2091 207 2154 alterum
235 2087 330 2152 alteri
354 2087 501 2171 aequalia
529 2087 652 2152 habent
680 2089 712 2150 et
740 2086 877 2170 angulos
908 2085 1007 2150 rectis
1031 2108 1081 2151 ae-

64 2195 219 2282 qualibus
243 2192 490 2276 comprehensos
515 2194 674 2279 aequales,
697 2193 796 2256 etiam
814 2192 918 2256 basim
939 2192 1011 2256 basi
1031 2215 1081 2257 ae-

63 2301 197 2389 qualem
212 2299 388 2382 habebunt,
407 2303 439 2362 et
457 2300 640 2385 triangulus
660 2299 823 2383 triangulo
843 2298 989 2382 aequalis
1010 2299 1081 2383 erit,

63 2413 98 2473 et
123 2404 242 2490 reliqui
266 2405 377 2490 anguli
400 2406 531 2489 reliquis
556 2405 708 2490 aequales
732 2405 815 2469 alter
839 2405 942 2487 alteri,
972 2405 996 2468 ii
1021 2406 1081 2469 sci-

62 2517 149 2596 licet,
170 2512 230 2576 sub
248 2512 366 2596 quibus
381 2514 529 2596 aequalia
547 2514 652 2577 latera
671 2511 882 2597 subtendunl3
909 2511 1081 2594 quoderat

63 2618 367 2685 demonstrandum.

625 2762 971 2769 --——..-.—---——-
979 2762 1078 2769 ——---

60 2830 138 2901 ταῖς]
170 2844 225 2884 om.
253 2829 330 2898 Pbp.
386 2797 390 2802 ,
428 2830 495 2882 δυσί
514 2827 551 2894 V;
579 2828 608 2881 in
631 2846 650 2897 p
674 2824 727 2881 δύο
749 2832 883 2896 πλευραῖς
902 2829 997 2882 deleta
1017 2832 1080 2882 sunt

60 2921 99 2956 m.
118 2908 140 2956 1.
217 2905 259 2955 22.
281 2898 337 2965 ἕξει
357 2901 419 2967 ἴσην
438 2896 495 2953 Bu.
574 2905 616 2953 25.
637 2893 703 2969 ὑφ’]
724 2900 841 2954 cornio
862 2895 912 2968 ἐφ’
933 2907 997 2955 m.l
1017 2900 1043 2953 b.

60 2970 118 3042 ὑφ’
140 2966 177 3034 ἃς
191 3003 224 3012 -
239 2967 450 3041 ὑποτείνουσιν]
470 2987 525 3039 mg.
545 2988 581 3023 m.
600 2976 612 3022 1
633 2968 664 3024 P.
