2514 4012
184 207 249 271 288
562 205 765 258 z‘ronmszn
782 201 822 272 η’.

185 346 230 429 ως
249 345 267 417 5
287 355 326 416 Η
344 346 428 435 πρὸς
446 347 506 416 τὸν
525 354 569 433 Κ,
594 345 728 432 [οὕτως]
750 345 767 415 5
788 355 821 414 A
843 345 928 434 πρὸς
951 345 1017 415 τὸν
1044 353 1087 416 Β.
1136 345 1155 417 5
1178 346 1212 416 δὲ

184 461 224 522 Η
247 453 331 543 πρὸς
358 452 419 522 τὸν
447 460 479 520 I(
507 453 610 540 λόγον
640 458 704 540 ἔχει
732 452 795 521 τὸν
822 457 1053 540 συγκείμενον
1088 457 1126 523 ἐκ
1149 458 1212 523 τῶν

184 565 350 649 πλευρῶν·
383 561 439 628 καὶ
468 558 486 628 5
514 568 547 627 A
574 561 640 647 ἄρα
667 558 752 646 πρὸς
779 558 841 627 τὸν
870 566 898 626 Β
921 558 1034 646 λόγον
1061 565 1133 648 ἔχει
1156 560 1211 629 τὸν

185 674 404 756 συγκείμενον
428 670 463 736 έκ
487 672 554 735 τῶν
577 670 747 752 πλευρῶν·
772 663 852 753 ὅπερ
877 669 945 734 ἔδει
971 668 1098 748 δεῖξαι.

149 904 165 953 ε
670 879 712 950 ς’.

249 1003 337 1072 Ἐὰν
379 996 477 1072 ὦσιν
515 1001 737 1092 ὁπρσοιοῦν
775 1001 942 1092 ἀριθμοὶ
982 1003 1080 1090 έξής
1119 1002 1209 1072 ἄνᾶ-

184 1119 321 1196 λογον,
355 1106 372 1176 5
407 1110 449 1177 δὲ
480 1115 633 1199 πρῶτος
659 1109 953 1196 τδνδεύτερον
987 1107 1041 1196 μή
1074 1113 1208 1199 μετρή,

186 1215 280 1284 οὐδὲ
304 1215 423 1297 ἄλλος
447 1215 580 1297 οὐδεὶς
604 1213 752 1284 οὐδένα
776 1215 972 1303 μετρήσει.

242 1325 417 1391 Ἔστωσαν
452 1320 637 1391 ὁποσοιοῦν
670 1320 813 1411 ἀριθμοὶ
849 1323 922 1409 ἕξής
959 1318 1143 1408 ἀνάλογον
1180 1324 1210 1390 οῖ

135 1452 169 1502 10
186 1438 234 1516 A,
253 1437 298 1514 Β,
317 1435 361 1514 Γ,
381 1437 428 1514 A,
446 1435 492 1515 E,
521 1426 539 1496 5
569 1428 606 1495 δὲ
634 1437 667 1496 A
688 1429 750 1497 τὸν
773 1437 802 1496 Β
830 1427 874 1516 μή
903 1434 1085 1516 μετρείτω·
1114 1431 1207 1516 λέγω,

187 1534 238 1604 ὅτι
262 1534 343 1603 οὐδὲ
367 1535 470 1614 ἄλλος
492 1531 605 1615 οὐδεὶς
629 1531 754 1603 οὐδένα
777 1535 941 1623 μετρήσει.
1108 1606 1112 1611 ,

243 1643 314 1709 Ὅτι
337 1642 399 1730 μὲν
424 1634 487 1710 οὖν
512 1645 546 1709 οῖ
567 1650 609 1728 A,
629 1648 669 1727 B,
689 1648 727 1728 Γ,
748 1650 792 1727 A,
810 1649 843 1710 E
868 1642 942 1728 ἑξής
970 1637 1145 1728 ἀλλήλους
1168 1640 1206 1711 οὐ
1246 1634 1254 1679 ’·

186 1752 381 1835 μετροῦσιν,
414 1747 580 1835 φανερόν·
631 1745 712 1815 οὐδὲ
736 1746 800 1834 γὰρ
830 1745 848 1815 5
876 1755 909 1814 A
936 1745 997 1815 τὸν
1026 1755 1058 1815 Β
1088 1762 1206 1837 μετρεῖ.

185 1856 272 1940 λέγω
296 1852 351 1939 δή,
375 1851 426 1921 ὅτι
450 1851 531 1922 οὐδὲ
555 1851 655 1934 ἄλλος
680 1852 793 1934 οὐδεὶς
817 1851 942 1921 οὐδένα
964 1855 1137 1942 μετρήσει.
1178 1858 1205 1923 εί

134 1981 166 2031 15
185 1959 249 2047 γὰρ
274 1959 437 2045 δυνατόν,
469 1966 625 2048 μετρείτω
655 1957 673 2028 5
702 1968 736 2027 A
762 1958 823 2028 τὸν
851 1965 888 2027 Γ.
934 1960 990 2026 καὶ
1014 1960 1096 2029 ὅσοι
1119 1962 1203 2030 εἰσὶν

186 2071 222 2135 οί
241 2076 288 2152 A,
307 2073 352 2152 Β,
371 2071 414 2151 Γ,
444 2070 600 2134 τοσοῦτοι
624 2065 844 2153 εἰλήφθωσαν
868 2067 1035 2153 ἐλάχιστοι
1060 2067 1203 2155 ἀριθμοὶ

184 2178 252 2244 των
276 2171 335 2242 τὸν
360 2170 466 2240 αὐτὸν
489 2171 593 2259 λόγον
618 2172 764 2261 ἐχόντων
788 2186 858 2251 τοῖς
877 2182 919 2258 A,
938 2178 978 2257 Β,
997 2178 1030 2239 Γ
1046 2176 1084 2240 οί
1102 2181 1141 2258 Ζ,
1159 2179 1201 2256 Η,

184 2289 221 2347 Θ.
266 2280 322 2346 καὶ
351 2280 420 2347 ἐπεὶ
445 2283 479 2346 οῖ
502 2287 543 2364 Ζ,
562 2287 612 2365 Η,
632 2287 660 2347 Θ
684 2281 721 2346 ἐν
744 2283 790 2370 τῷ
815 2277 905 2371 αὐτῷ
929 2278 1018 2371 λόγῳ
1044 2280 1111 2347 είσὶ
1136 2293 1202 2356 τοῖς

185 2393 228 2471 A,
247 2392 287 2470 Β,
307 2391 345 2471 Γ,
373 2390 434 2452 καί
453 2387 543 2452 ἐστιν
568 2393 643 2453 ίσον
666 2386 703 2453 τὸ
729 2390 861 2472 πλῆθος
883 2389 951 2452 τῶν
974 2393 1020 2467 A,
1039 2392 1086 2472 Β,
1106 2391 1139 2453 Γ
1158 2387 1200 2475 τῷ

50 2564 52 2569 ,
132 2513 167 2560 20
185 2491 307 2578 πλήθει
340 2496 409 2559 των
443 2498 483 2575 Ζ,
503 2498 552 2576 Η,
570 2499 614 2576 Θ,
647 2488 691 2557 δι’
728 2500 804 2559 ῖσου
832 2493 899 2578 ἄρα
927 2491 1016 2558 ἐστὶν
1049 2490 1096 2570 ὥς
1125 2489 1143 2560 5
1171 2498 1200 2557 A

186 2596 269 2684 πρὸς
291 2596 352 2665 τὸν
376 2605 414 2683 Γ,
439 2597 544 2678 οὕτως
568 2595 585 2665 5
611 2605 638 2664 Z
663 2597 746 2683 πρὸς
769 2598 830 2666 τὸν
853 2606 890 2666 Θ.
935 2597 991 2664 καὶ
1015 2600 1091 2665 έπεί
1112 2601 1199 2666 ἐστιν

186 2701 231 2782 ὡς
259 2702 276 2772 5
306 2714 337 2771 A
365 2705 449 2790 πρὸς
475 2703 536 2772 τὸν
564 2711 608 2788 Β,
642 2702 749 2784 οὕτως
777 2702 794 2772 5
825 2712 851 2771 Z
879 2703 962 2791 πρὸς
989 2701 1050 2771 τὸν
1081 2711 1132 2790 Η,
1162 2702 1200 2772 05

185 2823 298 2897 μετρεῖ
324 2809 361 2877 δὲ
389 2810 407 2877 5
438 2818 470 2877 A
492 2808 553 2877 τὸν
576 2818 620 2895 Β,
650 2808 690 2877 οὐ
719 2824 832 2899 μετρεῖ
852 2809 918 2897 ἄρα
942 2808 1023 2879 οὐδὲ
1048 2808 1067 2878 5
1093 2818 1119 2877 Z
1144 2809 1200 2878 τὸν

259 3064 282 3111 1.
303 3051 408 3128 ου’τως]
428 3073 482 3112 om.
501 3055 531 3110 P.
613 3057 679 3127 A]
672 3076 702 3110 1n
720 3074 773 3111 ras
793 3058 824 3111 P
906 3052 968 3127 τόν]
990 3073 1044 3110 om.
1065 3057 1096 3111 P.
1178 3065 1200 3112 2.

185 3125 236 3182 τὸν
256 3130 296 3196 Κ]
316 3133 344 3182 K
359 3127 389 3182 P.
480 3127 546 3198 τόν]
568 3144 637 3182 corr.
657 3145 691 3182 ex
709 3123 740 3182 τό
768 3148 798 3196 φ.
889 3133 913 3182 8.
932 3134 1075 3203 μετρεῐσει
1100 3149 1131 3198 φ,
1156 3129 1203 3184 sed

187 3217 256 3254 corr.
349 3204 390 3252 12.
410 3199 520 3269 E]om
494 3218 586 3267 m..‹p
677 3195 728 3270 οὐ]
753 3217 789 3252 m
809 3216 863 3255 rec.
883 3200 914 3254 P
1006 3204 1047 3254 13.
1069 3218 1203 3286 μετρουσι

187 3269 259 3327 Pm.
281 3276 308 3337 1,
309 3269 397 3356 λίφς
403 3241 676 3356 με.τρήσουσιΡιω
690 3287 745 3325 rec.
820 3276 861 3323 14
882 3266 959 3324 εί
882 3289 980 3357 εγαρ
1000 3267 1137 3338 δυνατόν,
1158 3291 1203 3342 με·

186 3343 285 3404 τρείτω
305 3335 320 3394 5
340 3346 361 3396 A
381 3337 431 3394 τὸν
452 3343 491 3412 Γ]
511 3340 583 3426 λέγω
603 3337 665 3426 γᾴρ,
685 3335 728 3395 ὅτι
749 3361 782 3395 ου
802 3348 903 3410 μετρεῖ
917 3337 932 3393 5
953 3348 974 3394 A
993 3313 1205 3397 v5vPTheon

186 3410 302 3480 (Bth).
396 3419 436 3469 15.
456 3413 505 3466 καὶ
524 3406 632 3481 ὅσοι]
617 3430 678 3466 οσοι
697 3433 750 3480 γαρ
770 3413 868 3467 Theon
888 3411 1001 3482 (Βῖφ).
1098 3419 1140 3468 18.
1168 3413 1205 3469 εί

187 3481 308 3536 σίνΡΒ
382 3488 425 3539 21.
448 3485 539 3554 Z.‚]z
559 3483 636 3537 ΗΒ.
