2514 4012
147 188 212 254 278
529 188 730 242 Στοιτωιοω
748 183 789 256 η’.

213 331 282 398 Καὶ
310 330 380 399 ἐπεὶ
408 334 443 398 οἱ
465 337 557 413 Ε,Ζ
586 329 757 417 ἐλάχιστοί
783 332 847 397 είσι
875 331 946 397 τῶν
974 327 1043 397 τὸν
1069 325 1174 398 αὐτὸν

147 438 250 525 λόγον
279 439 425 525 ἐχόντων
453 435 582 523 αὐτοῖς,
612 441 737 524 πρῶτοι
766 433 849 523 πρὸς
877 433 1055 523 ἀλλήλους
1080 439 1172 505 είσίν.

146 545 202 612 καὶ
230 544 300 613 ἐπεὶ
328 543 482 631 ἑκάτερος
510 546 579 612 τῶν
608 550 699 629 Ε,Ζ
728 541 850 611 ἑαυτὸν
882 541 946 629 μὲν
979 550 1172 612 πολλαπλα-

147 651 265 732 σιάσας
292 651 451 738 ἑκάτερον
478 653 547 718 τῶν
575 656 625 735 Η,
645 656 680 716 K
709 653 905 736 πεποίηκεν,
939 649 1110 738 ἑκάτερον
1138 649 1171 717 δὲ

110 768 214 832 ετοῖν
242 764 293 844 Η,
312 765 347 825 Κ
373 754 669 836 πολλαπλασιάσας
697 754 856 844 ἕκάτερον
888 759 959 824 τῶν
991 763 1043 842 Λ,
1064 759 1097 833 Ξ
1120 780 1169 824 τιε-

146 869 301 950 ττοίηκεν,
323 864 379 932 καὶ
403 866 439 932 ολ
459 870 504 949 Η,
524 870 559 930 K
579 861 646 950 ἀρα
669 864 725 931 καὶ
749 866 785 931 οί
808 865 904 950 Λ,,Ξ
928 867 1067 951 πρῶτοι
1090 863 1170 954 πρὸς

82 1002 86 1011 ·
145 969 313 1058 ἀλλήλους
345 973 441 1038 εἰσίν.
486 970 542 1037 καὶ
572 971 641 1039 ἐπεὶ
670 973 705 1038 oi
734 980 782 1055 A,
801 977 847 1056 Β,
865 975 909 1054 Γ,
929 977 964 1036 A
997 971 1172 1059 ἐλάχιστοί

146 1082 210 1145 είσι
236 1081 306 1146 τῶν
334 1076 396 1146 τὸν
424 1073 530 1144 αὐτὸν
558 1076 662 1163 λόγον
691 1075 839 1164 ἐχόντων
863 1073 995 1162 αὐτοῖς,
1034 1079 1103 1146 είσλ
1134 1077 1168 1146 δὲ

145 1184 200 1250 καὶ
225 1187 261 1252 οῖ
283 1192 323 1270 Λ,
343 1192 393 1270 Μ,
412 1187 503 1269 m*
524 1183 690 1270 ἐλάχιστοι
713 1186 750 1251 ἐν
774 1187 819 1275 τῷ
844 1181 934 1275 αὐτῷ
960 1183 1056 1274 λόγῳ
1077 1183 1167 1265 ὄντες

94 1315 127 1367 10
145 1304 215 1368 τοῖς
245 1300 292 1377 Α,
311 1299 355 1376 Β,
375 1298 417 1376 Γ,
437 1299 485 1376 A,
512 1297 572 1357 καί
592 1291 683 1366 ἐστιν
707 1298 783 1356 ῖσον
806 1287 844 1356 τὸ
876 1292 1010 1376 πλῆθος
1034 1295 1105 1359 τῶν
1128 1299 1167 1374 A,

146 1405 190 1483 Β,
209 1405 252 1483 Γ,
273 1408 306 1466 A
332 1402 377 1490 τῷ
405 1397 530 1485 ττλήθει
558 1401 628 1466 τῶν
655 1405 701 1483 A,
720 1405 775 1484 Μ,
795 1404 846 1483 Ν,
865 1400 908 1484 Ξ,
931 1398 1075 1477 ἕκαστος
1104 1395 1166 1483 ἀρα

145 1509 213 1572 τῶν
238 1514 280 1590 A,
299 1512 339 1591 B,
358 1510 397 1590 Γ,
416 1511 449 1571 A
472 1503 599 1596 εἰιάστῳ
623 1514 692 1572 τῶν
716 1512 757 1590 Λ,
778 1511 825 1590 Μ,
847 1510 892 1588 Ν,
911 1505 941 1579 Ξ
962 1509 1039 1582 ῖσος
1064 1504 1166 1571 ἐστίν·

25 1618 32 1634 ”
145 1617 217 1690 ῖσος
245 1608 310 1698 ἀρα
339 1611 430 1679 ἐστὶν
459 1607 477 1678 ὁ
507 1609 570 1697 μὲν
592 1619 624 1678 A
646 1613 692 1702 τῷ
718 1616 761 1696 Λ,
790 1606 807 1676 ὁ
838 1607 875 1676 δὲ
899 1615 932 1674 A
954 1611 1001 1699 τῷ
1028 1611 1067 1685 Ξ.
1113 1613 1170 1676 καί

145 1721 231 1784 εἰσιν
260 1720 295 1785 οί
321 1720 416 1805 Λ,Ξ
440 1722 566 1805 πρῶτοι
594 1714 677 1805 πρὸς
705 1713 880 1803 ἀλλήλους.
925 1714 982 1782 καὶ
1007 1718 1046 1782 οί
1068 1725 1116 1802 Α,
1136 1723 1167 1783 A

92 1848 125 1897 15
145 1823 210 1909 ἀρα
234 1827 360 1911 πρῶτον
382 1820 464 1912 πρὸς
486 1820 653 1910 ἀλλήλους
676 1826 778 1891 εἰσίν·
803 1819 884 1909 ὅπερ
909 1825 977 1890 ἔδει
1002 1824 1124 1904 δεῖξαι.

630 1999 675 2068 δ’.

211 2108 352 2195 Λόχων
376 2109 583 2177 δοθέντων
607 2105 842 2176 ὁποσωνοῦν
867 2109 908 2175 ἐν
936 2108 1165 2192 ἐλαχίστοις

144 2212 335 2301 ἀριθμοῖς
363 2212 563 2301 ἀριθμοὺς
589 2211 723 2300 εὑρεῖν
748 2213 834 2299 ἑξῆς
852 2210 1059 2298 ἀνάλοχον
1079 2217 1163 2282 ε’λα-

145 2327 305 2407 χίστους
329 2324 369 2390 ἐν
392 2335 475 2399 τοῖς
499 2325 657 2389 δοθεῖσι
681 2319 824 2406 λόχοις.

91 2459 125 2507 20
202 2425 378 2494 Ἔστωσαν
407 2431 442 2494 οῖ
473 2430 631 2507 δοθέντες
663 2426 758 2514 λόγοι
787 2429 823 2496 ἐν
853 2429 1038 2514 ἐλαχίστοις
1067 2425 1162 2516 ἀριθ-

144 2547 218 2618 μοῖς
256 2534 275 2600 ὅ
307 2560 341 2601 τε
376 2539 436 2601 τοῦ
470 2544 502 2602 A
535 2534 618 2621 πρὸς
650 2534 709 2602 τὸν
738 2544 766 2603 Β
794 2536 850 2603 καὶ
883 2533 901 2603 ὁ
929 2539 990 2603 τοῦ
1019 2541 1054 2602 Γ
1080 2533 1162 2622 πρὸς

142 2639 204 2706 τὸν
234 2648 267 2707 A
295 2641 350 2707 καὶ
379 2646 426 2708 ἔτι
456 2639 473 2709 ὁ
502 2644 562 2708 τοῦ
591 2648 623 2707 Ε
648 2641 731 2728 πρὸς
758 2642 819 2708 τὸν
843 2649 884 2708 Ζ·
914 2645 967 2707 δεῖ
993 2640 1036 2725 δὴ
1062 2639 1160 2728 ἀριθ-

143 2746 227 2831 μοὺς
251 2745 362 2835 εὑρεῖν
386 2749 460 2834 ἑξῆς
483 2744 654 2832 ἀνάλογον
679 2749 870 2832 ἐλαχίστους
899 2751 936 2813 ἔν
963 2772 998 2812 τε
1029 2751 1075 2836 τῷ
1101 2750 1160 2813 τοῦ

144 2865 175 2919 Α
203 2852 287 2941 πρὸς
313 2853 374 2921 τὸν
402 2861 430 2920 Β
459 2852 548 2942 λόγῳ
577 2853 633 2918 καὶ
661 2854 698 2919 ἐν
725 2856 770 2943 τῷ
795 2856 855 2919 τοῦ
880 2857 912 2918 Γ
934 2849 1017 2937 πρὸς
1041 2851 1104 2918 τὸν
1129 2860 1160 2917 A

90 2988 124 3037 25
144 2959 199 3025 καὶ
222 2965 268 3026 ἔτι
293 2962 329 3026 ἐν
352 2969 398 3048 τῷ
421 2961 482 3025 τοῦ
506 2964 537 3023 Ε
559 2957 642 3043 πρὸς
665 2956 724 3025 τὸν
747 2965 782 3024 Ζ.

211 3066 377 3152 Εἰλήφθω
401 3062 466 3154 χάρ
490 3061 508 3131 ὁ
532 3061 598 3131 ὑπὸ
623 3069 690 3131 τῶν
714 3072 757 3149 Β,
777 3071 809 3131 Γ
828 3065 998 3151 ε’λάχιστος
1021 3065 1161 3152 μετρού-

144 3198 243 3257 μενος
272 3167 419 3258 ἀριθμὸς
456 3168 473 3238 ὁ
507 3178 550 3239 Η.
596 3170 652 3237 καὶ
685 3166 800 3248 ὁσάιιις
834 3170 896 3255 μὲν
924 3167 941 3238 ὁ
971 3177 999 3236 Β
1035 3169 1097 3239 τὸν
1127 3177 1165 3238 Η

216 3318 239 3365 1.
259 3311 308 3365 καὶ
327 3309 394 3366 ίιτεί
406 3344 438 3353 -
454 3319 483 3367 3:
504 3308 609 3367 ἑαυτὸν
628 3309 691 3381 μέν]
712 3309 741 3365 οἱ
758 3306 814 3379 ἀρα
834 3307 916 3379 ἀκροι
934 3308 1028 3365 αὐτῶν
1044 3309 1073 3365 ολ
1085 3317 1119 3380 A,
1135 3313 1161 3370 Ξ

144 3383 249 3446 πρῶτοι
268 3379 339 3451 πρὸς
353 3380 488 3453 ἀλλήλους
503 3383 583 3438 εἰσίν.
622 3380 683 3437 ἐπεὶ
702 3378 756 3452 γὰρ
776 3379 806 3436 ολ
818 3387 851 3449 Ε,
868 3383 1008 3452 Ζιτρῶτοι
1024 3379 1162 3453 ἑκάτερος

144 3451 175 3506 δὲ
194 3448 292 3507 αὐτῶν
312 3448 416 3508 ἔαυτόν
431 3456 528 3510 Theon
547 3455 659 3522 (Βλῑφ).
718 3460 740 3506 1.
762 3451 833 3507 εἰσιν
848 3455 877 3508 P.
933 3459 958 3506 4.
978 3453 1021 3523 Κ]
1037 3470 1110 3508 eras.
1126 3453 1160 3508 V.

144 3522 466 3594 ῠ.τῶνΛ]τὸνΛΡ.
524 3532 548 3580 6.
568 3526 634 3594 καί]
655 3543 707 3580 om.
727 3526 817 3594 Bvqo.
872 3521 1160 3591 aalma-⁷:
