2514 4012
377 157 654 246 normandorum
670 196 779 246 eman
797 197 843 249 vr
1070 195 1135 262 173

118 342 187 402 EA
211 366 253 389 =
276 342 352 402 ΑΕ.
411 338 522 421 itaque
561 341 623 404 BA
646 360 653 401 :
679 342 748 402 ΑΕ
770 368 812 391 ==
838 343 1025 404 AEtEB.
1080 341 1136 405 sed

115 449 181 509 AB
196 454 231 519 >
245 448 319 509 ΑΒ.
367 465 467 529 quare
491 445 589 509 etiarn
614 443 668 528 [V,
694 446 749 527 14]
773 450 841 511 ΑΕ
857 454 892 520 >
911 451 984 513 ΕΒ.

182 550 273 634 Ergo
303 554 393 616 recta
419 555 486 615 AB
520 551 696 617 secundum
727 555 906 617 extremam
929 573 967 618 ac
994 553 1136 618 mediam

118 657 280 722 rationem
305 659 394 722 secta
418 660 468 722 est
492 657 526 721 in
549 662 581 722 E
604 657 678 739 [def.
698 657 732 739 3]
739 707 748 741 ,
777 661 812 724 et
833 659 940 725 maior
962 659 1031 724 eius
1060 681 1136 744 pars

119 766 169 828 est
191 768 270 851 AE3
295 764 381 848 quod
404 764 578 847 oportebat
600 763 679 830 fieri.

566 956 685 1023 XXXI.

183 1082 223 1147 In
247 1082 421 1167 triangulis
444 1082 644 1166 rectangulis
667 1082 776 1167 figura
795 1083 958 1168 descripta
976 1084 1012 1148 in
1033 1085 1135 1148 latere

116 1190 177 1255 snb
205 1193 293 1254 recto
322 1190 442 1273 angulo
473 1186 680 1253 subtendenti
711 1189 856 1274 aequalis
890 1193 940 1254 est
966 1189 1079 1275 figuris
1102 1191 1137 1256 in

117 1296 275 1361 lateribus
296 1299 421 1361 rectum
436 1295 593 1379 angulum
608 1294 958 1379 comprehendentibus
973 1295 1136 1362 similibus

120 1407 153 1467 et
177 1403 327 1467 similiter
351 1402 530 1486 descriptis

185 1507 234 1574 Sit
265 1509 451 1593 triangulus
484 1507 694 1593 rectangulus
724 1511 827 1573 ΑΒΓ
851 1507 1010 1593 angulum
1037 1511 1141 1573 ΒΑΓ

117 1617 242 1679 rectum
277 1615 411 1681 habens.
472 1613 556 1697 dico,
592 1613 733 1700 figuram
769 1612 805 1677 in
842 1617 908 1678 ΒΓ
941 1613 1138 1699 descriptam

118 1721 287 1805 sequetem
315 1742 385 1785 esse
412 1719 527 1804 figuris
555 1718 591 1782 in
613 1723 695 1803 BA,
713 1721 785 1784 ΑΓ
804 1719 964 1784 similibus
989 1725 1023 1786 et
1047 1720 1136 1786 simi·

118 1826 193 1891 liter
216 1826 393 1910 descriptis.

185 1931 322 1998 ducatur
357 1929 635 2015 perpendicularis
666 1936 699 1995 A
706 1935 747 1994 Α.
806 1931 872 1995 iem
910 1920 1064 2016 quoniam
1100 1933 1136 1997 in

551 2036 716 2121 triangulo
745 2037 939 2123 rectangulo
967 2041 1072 2103 ΑΒΓ
1095 2039 1135 2103 ab

550 2144 670 2230 angulo
703 2145 793 2208 recto
828 2143 868 2208 ad
898 2149 931 2208 A
957 2143 1065 2228 posito
1095 2143 1136 2209 ad

548 2251 655 2316 basim
670 2254 736 2316 ΒΓ
745 2249 1021 2334 perpendicularis
1040 2250 1137 2316 ducta

549 2360 599 2422 est
621 2362 701 2441 ΑΛ,
724 2356 882 2441 trianguli
901 2360 1016 2441 ABA,
1030 2360 1140 2422 ΑΛΓ

485 2443 521 2495 Γ
548 2462 589 2528 ad
630 2463 928 2548 perpendicularem
965 2461 1066 2546 positi
1104 2465 1137 2526 et

546 2568 609 2632 toti
641 2572 745 2633 ΑΒΓ
772 2571 805 2631 et
835 2569 920 2633 inter
951 2589 985 2632 se
1013 2568 1136 2632 similes

548 2677 625 2737 sunt
649 2676 753 2757 [prop.
776 2672 880 2754 vm}
926 2676 959 2737 et
982 2673 1136 2757 quoniam

118 2785 224 2847 ΑΒΓ
243 2812 278 2836 ω
302 2786 420 2864 ΑΒΔ,
449 2781 511 2845 erit
540 2779 616 2860 [def.
642 2783 673 2861 1]
702 2783 764 2845 FB
784 2803 792 2843 ι
810 2783 878 2843 BA
896 2809 938 2834 =
957 2783 1022 2844 AB
1038 2802 1045 2843 ι
1059 2783 1137 2844 ΒΛ.

120 2891 153 2952 et
181 2889 335 2972 quoniam
367 2891 434 2952 tres
464 2891 571 2952 rectae
599 2886 860 2971 proportionales
888 2889 978 2970 sunt,
1011 2885 1073 2949 erit
1100 2888 1138 2948 ut

118 2993 227 3078 prima
255 2992 296 3058 ad
323 2994 468 3079 tertiam,
502 2994 550 3057 ita
577 2993 683 3079 figura
710 2994 744 3057 in
773 2993 879 3077 prima
906 2990 1068 3074 descripta
1096 2990 1137 3055 ad

117 3099 258 3185 figuram
286 3100 320 3164 in
348 3100 487 3165 secunda
522 3099 662 3164 similem
690 3103 723 3164 et
758 3099 907 3164 similiter
939 3097 1137 3182 descriptam

975 3239 1135 3249 ——-

155 3315 197 3362 13.
221 3304 278 3362 ὑπὸ
303 3305 335 3362 τό
358 3327 384 3378 p.
462 3315 502 3363 14.
527 3311 633 3364 εἴδεσιν
656 3307 685 3361 Ρ.
761 3313 803 3360 15.
828 3301 955 3379 ὁμοίως]
974 3302 1082 3377 ὁμοίοις
1100 3305 1134 3361 V.

120 3383 162 3436 18.
182 3380 237 3450 τῶ]
258 3375 289 3433 τό
309 3378 374 3444 FV,
394 3381 444 3435 sed
463 3397 532 3435 corr.
551 3398 587 3433 m.
603 3387 628 3434 2.
685 3383 726 3432 19.
747 3378 848 3448 ΑΔΓ]
868 3393 938 3433 corr.
952 3394 986 3432 ex
1001 3381 1084 3431 ΑΔΒ
1097 3394 1135 3432 m.

118 3467 174 3505 rec.
193 3433 223 3505 P.
260 3445 316 3519 ἄρα
335 3446 405 3517 πρός
423 3451 456 3506 V.
531 3456 573 3507 20.
594 3445 669 3505 ἔστιν
687 3448 717 3503 P.
796 3453 838 3502 25.
858 3443 907 3519 τό]
927 3449 998 3518 (alt.)
1022 3465 1077 3505 om.
1097 3448 1137 3518 1⁴¹3

120 3522 204 3577 inser.
224 3539 260 3575 m.
281 3526 310 3589 2,
331 3524 381 3577 sed
399 3539 478 3577 enan.
831 3528 838 3541 ¹
