2514 4012
409 192 683 244 ELEMBNTOBUM
701 193 811 245 LIBER
828 193 851 246 1.
1096 190 1137 254 'll

120 339 165 406 ad
197 338 328 404 easdam
358 339 467 421 parles
499 336 581 401 sitos
608 338 724 419 ΒΗΘ,
751 339 859 400 ΗΘΔ
887 335 1012 401 duobus
1042 336 1139 401 realis

123 446 286 531 aequales.
319 442 400 527 dieo,
422 442 613 527 parallelam
637 463 707 507 esse
730 445 795 505 AB
819 445 926 508 restae
949 443 1020 507 ΓΔ.

189 573 268 617 nam
282 549 436 636 quoniam
451 554 472 624 l,
486 551 589 613 ΕΗΒ
604 578 647 602 =
661 552 768 613 ΗΘΔ
787 552 821 613 el
834 554 855 624 l,
870 551 974 613 ΕΗΒ
984 552 1141 613 ==AHo

102 661 234 744 ·[prop.
255 653 341 744 XV],
358 656 423 720 erit
445 654 545 719 eliam
567 658 673 720 ΑΗΘ
688 685 730 708 =
744 659 852 720 ΗΘΔ
876 657 918 737 [κ.
942 657 1011 722 lvo.
1037 657 1078 736 1].
1108 658 1141 719 et

123 768 201 830 sunl
238 763 365 829 alterni.
419 762 530 846 itaque
561 764 628 826 AB
659 762 819 848 parallelo
850 765 900 828 est
931 765 1038 828 reatae
1072 764 1140 826 ΓΔ

125 874 234 958 [prop.
257 868 410 950 XXVII}

188 1000 302 1042 rursus
333 976 486 1062 quoniam
509 978 614 1041 ΒΗΘ
628 977 669 1058 -Ι-
684 979 723 1040 H
725 980 793 1040 ΘΔ
815 975 940 1042 duobus
963 974 1062 1040 realis
1086 996 1141 1040 ae·

124 1084 237 1170 quales
265 1087 356 1169 sunl,
384 1085 418 1148 el
445 1082 545 1147 etiam
572 1085 676 1147 ΑΗΘ
693 1078 733 1164 -Ι-
749 1084 853 1146 ΒΗΘ
885 1081 1010 1147 duobus
1041 1081 1140 1147 rectis

524 1190 676 1273 aequales
692 1190 797 1273 [prop.
804 1186 908 1271 XIH],
932 1191 1027 1253 erunt
1040 1188 1140 1253 eliam

521 1296 1141 1377 AHo†BHo-BHO÷HOA

459 1378 492 1432 B
523 1404 565 1483 [κ.
575 1403 643 1466 lvo.
653 1398 695 1488 1].
731 1400 953 1485 subtrahatur,
976 1401 1033 1485 qui
1055 1422 1140 1467 oom-

522 1507 629 1572 munis
651 1510 702 1572 est
725 1509 871 1582 [BHG.
912 1508 1022 1592 itaque

338 1601 364 1660 θ
462 1608 492 1668 Δ
527 1678 530 1683 ,
569 1616 888 1689 [ΑΗΘΞΗΘΛ
911 1614 1095 1695 [seua.

523 1721 556 1783 el
579 1723 657 1784 sunl
679 1719 805 1784 alterni.
846 1721 956 1805 itaque
979 1724 1044 1785 AB
1068 1742 1140 1803 par-

524 1825 798 1891 allelaestreotae
806 1824 1141 1911 FA[prop.XXVII].

188 1931 280 2017 Ergo
305 1933 333 1997 si
356 1935 445 1997 reela
463 1933 499 1996 in
517 1932 598 1996 duas
621 1935 727 1997 reatae
750 1931 896 1998 incidens
915 1933 1074 2017 angulum
1088 1954 1140 1997 ex·

70 2029 72 2033 ’
124 2040 276 2106 teriorem
294 2039 442 2104 interiori
459 2042 491 2103 el
510 2038 662 2123 opposito
682 2041 715 2103 el
734 2038 776 2103 ad
794 2038 923 2104 easdem
940 2042 1051 2124 partes
1075 2039 1138 2104 silo

124 2147 244 2231 angulo
267 2145 433 2229 aequalem
457 2145 599 2210 effecerit
622 2150 679 2210 aul
698 2146 836 2229 angulos
855 2145 1027 2211 interiores
1047 2149 1080 2210 et
1098 2146 1140 2210 ad

124 2252 251 2318 easdem
274 2255 385 2334 parles
409 2252 489 2316 sitos
513 2252 638 2316 duobus
659 2252 756 2316 rectis
781 2253 941 2336 aequales,
963 2252 1139 2336 parallelae

123 2360 207 2424 inter
231 2381 265 2423 se
290 2362 385 2423 erunt
407 2362 527 2441 reolae3
551 2359 636 2442 quod
660 2362 731 2422 erat
754 2358 1051 2423 demonstrandum.

475 2529 477 2532 ’
569 2517 688 2583 XXIX.

192 2624 293 2689 Recta
321 2624 356 2689 in
379 2627 486 2689 reales
509 2623 684 2707 parallelas
707 2625 851 2689 incidens
878 2628 910 2689 et
934 2626 1071 2712 angulos
1095 2626 1139 2691 al-

120 2736 233 2796 ternos
257 2731 342 2796 inler
364 2752 399 2795 se
422 2730 573 2815 aequales
597 2730 697 2795 efficit
718 2735 751 2795 et
772 2733 926 2815 angulum
945 2731 1139 2796 exteriorem

120 2837 270 2904 interiori
289 2842 321 2902 et
336 2838 487 2923 opposito
508 2838 678 2920 aequalem
697 2841 730 2900 et
747 2837 918 2902 interiores
938 2839 978 2902 ad
993 2838 1135 2902 easdem-

122 2966 186 3029 que
208 2946 321 3029 partes
346 2945 426 3009 sitos
451 2943 575 3008 duobus
598 2944 697 3008 realis
722 2944 882 3028 aequales.

138 3069 141 3074 ·
190 3073 267 3115 nam
296 3050 331 3114 in
359 3053 465 3114 rectas
493 3050 667 3133 parallelas
696 3054 772 3132 AB,
800 3052 867 3114 ΓΔ
895 3053 984 3114 reete
1015 3050 1139 3116 ineidat

192 3241 292 3296 XXIX.
311 3241 426 3296 Boetius
444 3261 471 3312 p.
486 3249 584 3308 383,1.

117 3399 390 3459 ἀπεναντίον-23.
411 3399 504 3474 ἐντός]
523 3404 600 3472 apud
617 3403 750 3458 Proolum
769 3403 941 3457 exciderunt.
1013 3402 1137 3458 ἀπεναν-

118 3477 183 3536 τίας
200 3493 227 3544 p.
301 3480 343 3528 23.
368 3475 443 3546 ἴσην]
462 3476 493 3541 Ρ,
514 3473 684 3544 Campanus3
704 3473 752 3528 nul
773 3471 819 3528 ἐπὶ
837 3470 872 3528 τὰ
892 3467 966 3528 αὐτὰ
984 3471 1054 3546 μέρη
1073 3476 1137 3544 ἴσην

116 3545 218 3601 Theou
236 3544 389 3616 (BFpr,
408 3545 542 3615 Boetius).
616 3545 710 3617 δυσίν]
730 3541 783 3600 δύο
801 3544 926 3602 Proolue.
