2514 4012
522 212 711 265 APPENDIX.
1059 209 1124 275 437

118 359 149 421 Γ
166 386 208 409 =
230 357 297 420 213.
351 358 402 420 esi
434 357 542 421 autem
575 356 673 421 etiam
705 360 737 419 A
757 386 799 408 =
819 356 884 421 3Γ.
930 357 992 421 erit
1023 357 1141 457 igitur

116 470 149 529 A
168 494 210 516 =
230 462 295 528 613.
344 461 400 528 sed
433 462 675 548 supposuimus,
709 484 780 528 esse
810 468 842 527 A
865 493 907 517 =
933 463 1006 542 2133
1040 466 1125 549 quod

118 569 295 635 absurdum
325 573 383 636 esi.
429 589 506 656 ergo
534 590 601 635 non
636 570 698 634 erit
733 571 765 634 Γ
790 600 832 624 =
861 570 924 634 213.
976 570 1126 636 similiter

117 676 493 779 demonstrabimuspne
523 677 620 743 sliam
653 676 781 762 quidem
814 677 972 743 rationem
1006 677 1126 744 habere

118 784 211 850 Bad
233 786 265 849 Γ
282 787 412 869 praeter
434 784 523 850 223.

550 979 611 1064 rr,
634 982 687 1046 22.

184 1107 246 1174 Uel
279 1107 376 1173 eiiam
408 1107 469 1171 ita:
502 1106 656 1190 quoniam
687 1110 751 1171 AB
784 1106 890 1192 impar
918 1109 979 1186 esi,
1014 1107 1054 1171 ab
1087 1129 1125 1172 eo

118 1215 283 1281 auferatur
305 1216 413 1279 unitas
437 1216 507 1278 ZB.
548 1212 658 1299 itaque
681 1214 737 1298 qui
759 1213 962 1298 relinquitur,
983 1216 1049 1277 ΑΖ
1067 1235 1126 1296 par

118 1327 176 1389 esi.
226 1343 336 1387 rursus
370 1320 520 1406 quoniam
548 1324 614 1386 ΒΓ
642 1321 747 1405 impar
777 1323 841 1403 est,
872 1323 906 1384 et
936 1319 1045 1384 unitas
1076 1324 1127 1384 esi

119 1432 194 1514 ZB,
212 1451 272 1515 par
296 1433 345 1494 esi
367 1431 436 1494 ΖΓ.
480 1449 593 1492 uerum
617 1428 716 1493 etium
741 1432 804 1493 AZ
826 1449 887 1513 par
915 1429 971 1493 esu
1016 1426 1125 1511 itaque

118 1539 216 1602 etium
243 1539 332 1603 totus
362 1537 430 1601 AF
451 1557 511 1620 par
535 1539 585 1600 esi
608 1534 683 1620 ΠΧ,
706 1535 775 1617 21].
821 1534 932 1600 eudem
961 1534 1000 1599 de
1029 1555 1127 1599 eausa

118 1645 216 1709 eiiam
248 1646 314 1709 ΓΕ
342 1665 401 1729 par
430 1648 489 1709 est.
535 1663 612 1727 ergo
645 1643 744 1708 eiiam
775 1644 865 1707 totus
889 1646 959 1706 ΑΕ
988 1663 1048 1727 pur
1078 1643 1128 1705 est

119 1751 191 1833 ux,
211 1749 310 1838 211¹)

192 2159 217 2228 1)
237 2158 277 2212 De
296 2157 385 2228 figura
404 2159 452 2213 osr.
472 2159 523 2227 IX,
543 2162 585 2212 22.

171 3650 323 3710 Eucliden,
337 3651 387 3697 edd.
402 3651 504 3704 Eriborg
518 3655 541 3693 st
555 3652 642 3701 Mense.
661 3646 692 3691 Π.
896 3631 967 3691 98**
