2514 4012
138 181 204 248 392
511 181 713 234 ΣΤΟΙΧΕΙΩΝ
731 175 776 234 ι’.

618 355 682 442 νβ’.

203 481 292 553 Ἐάν
329 482 513 570 περισσοὶ
538 474 720 569 ’άριθμολ
762 477 1002 552 ὁποσοιοῦν
1041 503 1173 552 συντε·

138 593 283 675 θῶσιν,
311 589 354 658 τὸ
384 589 426 658 δὲ
453 592 610 676 πλῆθος
633 585 766 656 αὐτῶν
789 585 936 675 άρτιον
968 581 1011 680 ᾖ,
1042 588 1062 659 ὁ
1089 588 1173 669 ὅλος

139 695 277 784 άρτιος
299 701 418 765 ἔσται.

104 816 120 866 5
206 809 475 888 Συγκείσθωσαν
492 801 558 890 γὰρ
577 803 730 889 περισσοὶ
749 798 892 890 ἀριθμοὶ
911 799 1169 891 ὁσοιδηποτοῦν

140 907 249 996 άρτιοι
276 907 314 977 τό
344 912 475 994 πλῆθος
507 910 543 977 οί
564 915 646 994 AB,
670 913 748 995 ΒΓ,
775 912 852 994 ΓΔ,
874 916 963 976 ΔΕ·
989 910 1098 998 λέγω,
1122 907 1167 978 ὅτι

140 1015 218 1096 ὅλος
242 1012 259 1082 ὁ
284 1022 354 1082 ΑΕ
374 1013 489 1102 ἄρτιός
513 1017 612 1083 ἐστιν.

204 1120 293 1190 Ἐπεὶ
320 1119 385 1209 γάρ
409 1123 546 1202 ἕκαστος
572 1125 641 1188 τῶν
664 1127 745 1206 AB,
763 1126 841 1205 ΒΓ,
859 1126 940 1207 ΓΔ,
963 1131 1041 1190 ΔΕ
1062 1147 1164 1211 περιτ-

138 1228 196 1309 τός
223 1231 329 1313 ἐστιν,
362 1227 604 1316 ἀφαιρεθείσης
635 1225 784 1315 μονάδος
811 1223 870 1314 ἀφ’
910 1227 1066 1297 ἑκάστου
1099 1230 1164 1296 ἕκα-

89 1347 121 1396 10
140 1355 216 1417 στος
242 1339 311 1405 τῶν
334 1337 461 1403 λοιπῶν
484 1332 598 1421 άρτιος
622 1339 726 1401 ἔσται·
755 1331 917 1402 ὥστεκαὶ
943 1331 963 1402 ὁ
993 1341 1164 1423 συγκείμε-

139 1470 199 1522 νος
227 1444 260 1523 ἐξ
288 1439 402 1510 αὐτῶν
430 1438 543 1530 άρτιος
571 1445 670 1510 ἔσται.
718 1445 787 1509 ἔστι
818 1439 855 1507 ὁὸ
878 1440 935 1506 καί
964 1438 1004 1508 τὸ
1037 1446 1165 1529 πλῆθος

140 1551 208 1616 τῶν
237 1546 398 1634 μονάδων
426 1545 553 1634 άρτιον.
599 1546 655 1614 καὶ
690 1543 769 1625 ὅλος
799 1545 866 1632 άρα
895 1541 912 1613 ὁ
949 1553 1023 1613 ΑΕ
1054 1545 1166 1638 άρτιός

142 1655 245 1722 ἐστιν·
270 1651 351 1739 ὅπερ
376 1657 443 1721 ἔδει
468 1654 581 1733 δείξαι.

613 1856 678 1916 κγ.

89 1977 122 2026 15
206 1952 294 2023 Ἐάν
330 1956 513 2042 περισσοὶ
555 1952 725 2042 άριθμοὶ
763 1951 989 2022 ὁποσοιοῦν
1032 1975 1165 2023 συντο-

140 2066 284 2147 θῦσιν,
317 2061 358 2129 τὸ
393 2061 434 2129 ὁὸ
462 2066 614 2148 πλῆθος
642 2058 772 2129 αὐτῶν
799 2059 996 2147 περισσὸν
1033 2053 1074 2149 ᾖ,
1106 2062 1166 2128 κοιλ

142 2167 159 2236 ὁ
186 2167 276 2249 ὅλος
298 2168 487 2255 περισσὸς
510 2174 627 2237 ἔσται.

210 2282 478 2362 Συγκείσθωσαν
510 2274 575 2361 γάρ
610 2272 794 2342 ὁποσοιοῦν
822 2274 976 2358 περισσοὶ
1009 2273 1164 2362 άριθμοί,

142 2375 190 2449 ὧν
209 2381 246 2448 τὸ
266 2385 397 2466 πλῆθος
416 2380 577 2469 περισσὸν
602 2386 695 2464 ἔστω,
720 2383 755 2447 οί
776 2386 851 2463 ΑΒ,
871 2384 944 2463 ΒΓ,
965 2385 1045 2446 ΓΔ·
1073 2384 1165 2468 λέγω,

89 2507 123 2555 20
144 2486 194 2554 ὅτι
217 2487 273 2554 καὶ
298 2485 376 2566 ὅλος
400 2485 416 2555 ὁ
442 2497 512 2554 ΑΛ
535 2486 692 2573 περισσός
716 2488 814 2553 ἐστιν.

206 2592 411 2683 Ἀφῃρήσθω
447 2593 512 2662 άπὸ
546 2598 608 2662 τοῦ
640 2599 703 2662 ΓΔ
735 2590 840 2680 μονάς
872 2589 893 2677 ἡ
927 2599 1010 2658 ΛΕ·
1053 2591 1167 2671 λοιπὸς

142 2700 208 2790 άρα
237 2698 254 2768 ὁ
287 2706 351 2767 ΓΕ
378 2699 491 2788 άρτιός
519 2703 618 2768 ἐστιν.
666 2705 734 2767 ἔστι
763 2699 800 2767 ὁὸ
822 2699 877 2766 καὶ
902 2695 918 2765 ὁ
945 2704 1012 2766 ΓΑ
1038 2697 1165 2787 άρτιος·

141 2809 197 2876 καὶ
222 2806 300 2887 ὅλος
323 2806 389 2896 άρα
413 2804 430 2874 ὁ
454 2814 522 2874 ΑΕ
544 2805 659 2892 άρτιός
684 2809 783 2874 ἐστιν.
827 2809 886 2872 καί
907 2807 976 2871 ἐστι
1005 2806 1120 2891 μονάς
1146 2802 1165 2892 ἡ

143 2923 176 2980 Δ
184 2922 221 2982 Ε
267 2911 423 3000 περισσὸς
447 2911 513 2999 άροι
537 2911 627 2979 ἐστὶν
652 2908 668 2978 ὁ
695 2919 778 2978 ΛΔ·
804 2908 884 2996 ὅπερ
909 2913 977 2977 ἔδει
1003 2915 1123 2993 δεῖξαι.

213 3098 237 3145 2.
263 3090 420 3144 ουντεθωσι
443 3090 528 3158 FVq.
621 3096 644 3144 3.
671 3085 702 3160 ὁ]
727 3106 781 3144 om
804 3089 891 3176 PVq.
980 3093 1006 3144 4
1034 3085 1165 3143 ε’στινΕ

142 3168 166 3218 5.
187 3158 256 3232 γάρ]
277 3180 313 3214 m
334 3162 400 3214 2F.
479 3168 503 3215 6.
524 3156 628 3232 άρτιοι]
649 3178 702 3216 om.
722 3161 751 3214 F.
830 3167 855 3214 8.
876 3155 1068 3243 ἕκάτεροςΡ,
1096 3178 1165 3215 corr

142 3251 177 3286 m
198 3229 592 3300 2.11.ἐόιι]ἐσιωΡ.
686 3240 726 3286 13
747 3233 823 3285 Inter
843 3227 917 3284 ἐστιν
937 3224 1001 3283 et
985 3250 1059 3296 οπερ
1079 3232 1168 3287 aliam

142 3304 291 3358 demonstr.
259 3302 461 3369 thabetF3
486 3323 512 3358 u
537 3321 601 3373 app
695 3310 735 3357 15.
756 3299 926 3372 ὁποσοιοῦν]
952 3319 1005 3355 om.
1028 3303 1064 3358 V.
1104 3321 1167 3357 σον-

141 3376 246 3429 τεθωοι
260 3373 322 3462 Vq
398 3380 439 3429 17.
459 3371 491 3444 ὁ]
514 3393 567 3429 om.
593 3374 739 3443 1³13qu3
765 3392 834 3428 corr.
854 3372 973 3441 Augusss.
1053 3379 1095 3427 18
1119 3394 1167 3428 πε-

141 3446 230 3512 ρισσολ
249 3441 401 3531 άριθμολ
390 3447 543 3499 οποσοιοῦν
562 3446 596 3501 V.
660 3452 700 3502 19.
720 3443 763 3515 οἵ]
785 3440 850 3498 33.
910 3449 952 3496 22.
974 3438 1071 3514 ἔστιν]
1093 3440 1168 3498 ἔστιν

140 3513 172 3568 δὲ
202 3517 257 3570 τῶν
285 3513 339 3585 πρὸ
365 3510 454 3571 αὐτοῦ
478 3516 508 3570 F.
601 3517 668 3588 ΓΑ]
693 3520 747 3570 ΑΓ
768 3515 854 3583 BVq.
944 3519 988 3568 23.
1015 3510 1111 3587 ἐστιν]
1139 3515 1169 3584 Ρ,
