2514 4012
177 200 247 266 212
569 202 771 254 nomem
790 196 824 265 ς’.

177 349 238 412 καί
265 345 356 411 ἐστιν
384 352 460 411 ἴσον
488 341 527 411 τὸ
556 347 687 428 πλῆθος
715 346 785 410 τῶν
807 349 890 429 ΒΗ,
909 348 985 410 ΗΓ
1003 346 1060 435 τῷ
1091 342 1218 430 πλήθει

178 454 248 518 τῶν
280 458 359 537 ΕΘ,
383 458 460 537 ΘΖ,
493 448 512 518 6
545 448 613 534 ἄρα
645 450 746 537 μέρος
777 450 869 517 ἐστὶν
901 446 919 518 6
948 456 1029 517 BH
1058 454 1126 518 τοτ’
1155 456 1218 518 ΕΘ

177 551 201 642 6
229 555 328 643 μέρη,
360 554 398 623 τὸ
426 553 509 624 αὐτὸ
543 555 643 642 μέρος
671 555 740 624 ἐστὶ
772 555 828 622 καὶ
857 551 875 624 6
904 560 978 622 ΗΓ
1001 560 1075 624 τοῦ
1104 564 1171 625 ΘΖ
1196 551 1216 642 6

178 661 219 730 τὰ
253 661 339 731 αὐτὰ
371 661 468 750 μέρη·
501 659 585 730 ὥστε
617 663 673 728 καὶ
701 660 720 731 6
750 661 851 749 μέρος
878 660 970 729 ἐστὶν
999 657 1019 729 6
1051 669 1134 731 ΒΗ
1155 666 1214 732 τοῦ

145 777 244 837 δΕΘ
270 765 292 856 6
321 771 421 857 μέρη,
451 768 489 837 τὸ
518 764 601 836 αὐτὸ
634 771 735 857 μέρος
763 769 833 837 ἐστὶ
864 768 920 835 καὶ
948 769 1213 857 συναμφότερος

181 871 200 942 6
228 880 294 944 ΒΓ
319 877 577 962 συναμφοτέρου
603 878 666 943 τοῦ
689 881 753 942 ΕΖ
775 870 796 961 6
816 872 857 942 τὰ
881 871 969 942 αὐτὰ
992 875 1095 963 μέρη.
1142 885 1211 957 ἴσος

181 979 220 1048 δὲ
248 977 266 1048 6
296 979 359 1066 μὲν
382 986 452 1048 ΒΗ
473 984 519 1073 τῷ
543 990 590 1065 Α,
619 977 637 1048 6
667 980 705 1049 δὲ
729 988 792 1049 ΕΘ
814 984 860 1072 τῷ
886 987 932 1046 Λ·
961 977 981 1047 6
1009 978 1085 1069 ἄρα
1112 983 1210 1071 μέρος

181 1087 273 1155 ἐστὶν
301 1084 319 1154 6
349 1096 381 1154 A
409 1091 470 1155 τοῦ
499 1096 533 1155 Δ
560 1083 581 1173 6
614 1089 712 1175 μέρη,
745 1087 784 1157 τὸ
812 1085 894 1156 αὐτὸ
924 1087 1027 1175 μέρος
1057 1090 1131 1158 ἐστὶ
1158 1089 1209 1158 καὶ

182 1190 200 1260 6
224 1199 292 1261 ΒΓ
310 1198 373 1261 τοῦ
398 1201 460 1261 ΕΖ
483 1190 504 1280 6
530 1193 570 1262 τὰ
595 1191 681 1262 αὐτὰ
706 1196 804 1281 μέρη·
828 1192 909 1281 ὅπερ
933 1197 1003 1262 ἔδει
1028 1198 1150 1278 δεῖξαι.

129 1411 184 1460 10·
675 1390 711 1458 ι’.

246 1510 336 1581 Ἐὰν
368 1510 541 1601 ἀριθμὸς
568 1512 748 1602 ἀριθμοῦ
779 1515 875 1603 μέρη
908 1507 945 1603 6,
977 1513 1045 1586 καὶ
1075 1516 1207 1601 ἕτερος

183 1619 319 1703 ἑτέρου
346 1618 391 1687 τὰ
421 1618 520 1689 αὐτὰ
554 1622 649 1707 μέρη
678 1612 716 1708 6,
749 1621 815 1688 καὶ
843 1617 1028 1705 ἐναλλάξ,
1059 1616 1082 1687 ἃ
1112 1622 1206 1707 μέρη

183 1725 293 1793 ἐστὶν
320 1723 338 1795 6
368 1738 521 1814 πρῶτος
547 1730 618 1795 τοῦ
646 1731 784 1814 τρίτου
810 1722 831 1812 6
866 1726 999 1813 μέρος,
1031 1725 1080 1795 τὰ
1110 1724 1208 1796 αὐτὰ

183 1833 279 1920 μέρη
309 1838 418 1900 ἔσται
445 1833 512 1901 καὶ
541 1829 559 1902 6
584 1831 772 1919 δεύτερος
794 1835 864 1900 τοῦ
894 1829 1090 1919 τετάρτου
1117 1829 1141 1920 6
1168 1858 1207 1903 το

131 1952 164 2001 15
185 1935 282 2006 αὐτὸ
306 1942 433 2026 μέρος.

247 2043 408 2132 Ἀριθμὸς
434 2045 500 2134 γὰρ
529 2042 547 2115 6
578 2053 643 2114 AB
672 2043 823 2133 ἀριθμοῦ
851 2050 912 2114 τοῦ
939 2051 972 2114 Γ
1000 2046 1086 2134 μέρη
1115 2051 1209 2132 ἔστω,

183 2152 239 2219 καὶ
263 2154 374 2240 ἕτερος
397 2150 415 2219 ὁ
440 2159 511 2221 ΔΕ
532 2153 647 2239 ἑτέρου
670 2157 732 2220 τοῦ
756 2160 783 2220 Ζ
806 2152 847 2221 τὰ
872 2149 956 2219 αὐτὰ
981 2153 1080 2241 μέρη·
1109 2156 1207 2242 λέγω,

184 2256 236 2326 ὅτι
259 2259 315 2326 καὶ
339 2258 495 2345 ἐναλλάξ,
519 2256 540 2326 ἃ
563 2260 646 2346 μέρη
672 2259 763 2327 ἐστὶν
788 2257 806 2327 6
830 2267 894 2326 AB
918 2262 979 2326 τοῦ
1004 2267 1077 2326 ΔΕ
1103 2255 1134 2347 6
1156 2261 1208 2347 με’-

184 2391 258 2451 ρος,
292 2363 332 2432 τὰ
361 2363 446 2432 αὐτὰ
474 2367 557 2453 μέρη
588 2366 656 2434 ἐστὶ
684 2367 739 2433 καὶ
767 2363 785 2433 6
815 2377 844 2432 Γ
867 2370 928 2434 τοῦ
956 2373 983 2433 Ζ
1011 2362 1032 2452 6
1062 2364 1101 2434 τὸ
1127 2364 1209 2436 αὐτὸ

132 2493 166 2542 2ο
186 2472 294 2559 μέρος.

250 2575 340 2646 Ἐμοὶ
367 2578 448 2665 γάρ,
477 2576 499 2646 ἃ
528 2581 610 2669 μέρη
640 2579 731 2647 ἐστὶν
760 2576 778 2646 6
807 2586 872 2645 AB
900 2581 963 2646 τοῦ
990 2584 1027 2664 Γ,
1056 2579 1098 2647 τὰ
1123 2579 1208 2650 αὐτὰ

186 2686 269 2773 μέρη
303 2686 372 2754 ἐστὶ
400 2685 456 2752 καὶ
485 2681 503 2752 6
533 2692 603 2752 ΛΕ
628 2688 689 2752 τοῦ
718 2692 760 2770 Ζ,
790 2682 853 2751 ὅσα
881 2683 948 2771 ἄρα
976 2685 1068 2753 ἐστὶν
1097 2686 1136 2753 ἐν
1165 2691 1207 2779 τῷ

186 2799 253 2859 ΑΒ
281 2792 364 2878 μέρη
393 2793 455 2858 τοῦ
477 2795 516 2875 Γ,
546 2800 691 2857 τοσαῦτα
719 2790 775 2857 καὶ
804 2793 840 2858 ἑυ
868 2794 913 2881 τῷ
939 2798 1009 2858 ΛΕ
1034 2792 1119 2876 μέρη
1149 2797 1208 2860 τοῦ

188 2905 225 2964 Ζ.
271 2894 448 2984 διῃρήσθω
472 2891 490 2962 6
514 2893 576 2981 μὲν
599 2903 664 2962 ΑΒ
688 2899 735 2973 εἰς
756 2895 796 2961 τὰ
819 2898 881 2962 τοῦ
904 2900 937 2963 Γ
959 2898 1042 2983 μέρη
1061 2896 1104 2964 τὰ
1127 2905 1208 2983 ΑΗ,

85 3065 86 3068 ,
134 3027 168 3078 25
188 3010 268 3089 ΗΒ,
292 2999 310 3070 6
335 3001 372 3069 δὲ
396 3009 467 3069 ΛΕ
488 3004 535 3080 εἰς
557 3001 597 3067 τὰ
620 3005 680 3068 τοῦ
705 3009 731 3069 Ζ
755 3002 837 3087 μέρη
861 3000 902 3068 τὰ
921 3010 997 3088 ΛΘ,
1017 3011 1093 3071 ΘΕ·
1117 3011 1210 3074 ἔσται

261 3189 285 3237 2.
306 3183 363 3236 ΕΘ
400 3196 469 3234 corr.
490 3195 524 3233 ex
543 3182 594 3233 ΕΖ
612 3197 649 3233 m.
671 3187 685 3234 1
705 3178 734 3233 F.
824 3186 849 3234 4.
870 3173 956 3250 ὥστε]
982 3199 1023 3234 -τε
1048 3181 1078 3235 in
1101 3200 1158 3239 ras.
1177 3183 1209 3239 V.

191 3261 215 3311 7.
236 3253 285 3326 δέ]
306 3250 342 3323 66
386 3295 392 3307 .
486 3256 528 3305 12.
546 3242 581 3322 6]
600 3251 635 3317 P3
656 3269 709 3306 om.
729 3250 843 3320 13va.
937 3257 978 3306 13.
998 3250 1072 3306 Ante
1097 3249 1116 3322 6
1142 3254 1209 3324 inp

190 3327 246 3381 del.
270 3327 326 3380 καί.
419 3319 519 3393 μέρος]
545 3338 614 3376 corr.
638 3339 672 3378 ex
700 3320 771 3391 μέρη
794 3340 821 3392 p.
914 3328 955 3375 14.
976 3320 1054 3377 ἔσται
1077 3324 1150 3393 μέρη
1177 3326 1209 3382 V.

190 3397 256 3468 καί]
285 3415 321 3451 m.
346 3401 362 3450 2
386 3393 418 3447 F.
490 3399 552 3448 .16.
576 3394 644 3466 ΑΒ]
667 3393 741 3448 inter
764 3399 786 3447 A
810 3394 884 3448 ew
908 3394 980 3448 duae
1004 3394 1059 3451 litt.
1085 3412 1157 3451 eras.
1177 3396 1210 3450 V.

192 3466 279 3538 ἔστω]
305 3488 339 3536 φ,
365 3465 462 3522 ἔσταιῖ
488 3465 518 3519 F.
592 3470 633 3518 17.
658 3464 725 3518 Post
749 3462 819 3534 μέρη
844 3465 909 3519 add.
932 3463 1013 3518 BFV
1045 3487 1051 3519 ε
1082 3463 1152 3520 ἔστω
1178 3465 1211 3522 δέ

192 3536 235 3606 (δέ
254 3557 290 3592 m.
311 3544 327 3592 2
346 3538 382 3604 F3
407 3530 529 3590 ἐλάττων
551 3534 584 3588 δὲ
609 3532 678 3589 ἔστω
702 3534 736 3604 Β)
756 3531 772 3588 6
791 3540 841 3589 AB
859 3536 910 3590 τοῦ
931 3538 987 3589 ΔΕ
1026 3531 1137 3592 λάσσωυ
1162 3541 1173 3609 (
1204 3580 1209 3591 ,
