2514 4012
191 221 258 286 336
562 220 764 272 mmm
781 215 822 287 η’.

672 439 731 481 κε.

256 537 345 608 Ἐἀν
365 538 436 606 δύο
456 535 625 626 ἀριθμοὶ
644 535 740 626 πρὸς
758 535 963 623 ἀλλήλους
988 539 1126 626 λόγον
1143 543 1217 628 ἐχω-

194 667 274 734 σιν,
308 643 353 715 ὃν
384 645 506 732 κύβος
534 643 707 733 ἀριθμὸς
738 641 835 733 πρὸς
861 644 999 732 κύβον
1028 643 1214 734 ἀριθμόν,

193 751 212 824 ὁ
247 754 289 822 δέ
321 757 472 841 πρῶτος
504 752 625 841 κύβος
657 744 694 841 ᾖ,
727 752 792 819 καὶ
820 748 839 818 ὁ
874 751 1086 842 δεύτερος
1110 753 1214 839 κύβος

157 865 310 929 ὅέσται.

267 965 341 1033 Δύο
369 964 435 1053 γὰρ
463 962 605 1053 ἀριθμοὶ
630 968 666 1032 ού
685 975 732 1049 A,
751 973 780 1033 Β
803 964 888 1053 πρὸς
915 961 1097 1052 ἀλλήλους
1124 964 1212 1052 λόγον

199 1074 382 1160 ἐχέτωσαν,
409 1068 451 1140 ὃν
477 1071 582 1157 κύβος
608 1069 753 1159 ἀριθμὸς
777 1069 795 1139 ὁ
819 1076 852 1138 Γ
874 1071 962 1159 πρὸς
985 1072 1105 1158 κύβον
1128 1070 1212 1161 ἀμιθ-

200 1178 267 1266 μὸν
289 1177 350 1245 τὸν
374 1185 421 1262 A,
444 1175 548 1263 κύβος
572 1176 609 1244 δὲ
632 1180 716 1245 ἔστω
741 1174 758 1245 ὁ
783 1187 827 1246 A·
855 1179 942 1263 λέγω
969 1177 1067 1264 [βή],
1099 1177 1150 1247 ὅτι
1166 1176 1211 1245 καὶ

196 1282 214 1354 ὁ
241 1292 270 1352 Β
293 1283 396 1369 κύβος
418 1285 519 1351 ἐστίν.

143 1419 176 1469 10
262 1388 351 1458 Ἐπεὶ
379 1388 443 1478 γὰρ
472 1393 507 1457 οἰ
532 1397 575 1476 Γ,
595 1398 628 1457 A
657 1389 757 1478 κύβοι
785 1393 887 1474 εἰσίν,
916 1392 952 1456 οἱ
978 1396 1023 1477 Γ,
1046 1401 1083 1458 Δ
1112 1392 1210 1478 ὅμοιοι

199 1502 332 1583 στερεοί
362 1501 460 1564 εἰσιν·
493 1500 560 1565 τῶν
590 1502 633 1575 Γ,
654 1503 687 1562 A
719 1495 785 1584 ἀρα
817 1495 880 1563 δύο
913 1496 1011 1582 μέσοι
1048 1494 1211 1584 ἀνάλογον

200 1604 420 1688 ἐμπίπτουσιν
443 1601 593 1691 ἀριθμοί.
616 1601 715 1671 ’ὅσοι
739 1603 777 1671 δὲ
800 1607 847 1682 εἰς
869 1599 949 1681 τούς
972 1609 1011 1689 Γ,
1035 1613 1072 1671 A
1099 1599 1211 1690 μεταξύ

201 1707 283 1777 κατὰ
306 1707 343 1776 τὸ
368 1707 503 1795 συνεχὲς
525 1705 697 1793 ἀνάλογον
720 1708 954 1793 ἐμπίπτουσιν,
974 1711 1143 1777 τοσοῦτοι
1163 1707 1211 1775 καὶ

202 1820 250 1895 εἰς
277 1813 357 1894 τοὺς
383 1811 442 1882 τὸν
473 1811 578 1881 αὐτὸν
604 1813 710 1899 λόγον
733 1819 871 1900 ἔχοντας
894 1811 1024 1894 αὐτοῖς·
1056 1812 1210 1884 ὥστεκαὶ

148 1950 180 2000 16
203 1927 271 1990 τῶν
303 1931 349 2007 A,
368 1928 397 1988 Β
430 1923 492 1988 δύο
524 1921 620 2007 με’σοι
652 1919 822 2008 ἀνάλογον
859 1924 1085 2007 ἐμπίπτουσιν
1123 1917 1211 2009 ἀριθ-

203 2034 269 2116 μοί.
311 2029 558 2114 ἐμπιπτέτωσαν
582 2029 618 2094 ol
633 2033 673 2110 E,
693 2034 729 2094 Ζ.
771 2026 840 2095 ἐπεὶ
860 2017 923 2094 ούν
941 2027 1104 2113 τέσσαρες
1123 2025 1210 2115 ἀριθ·

204 2135 260 2221 μοὶ
294 2136 329 2200 ολ
358 2142 404 2217 A,
424 2141 467 2218 E,
488 2139 578 2217 Z,B
611 2132 685 2217 ἕξής
716 2130 887 2217 ἀνάλογύν
918 2135 1021 2217 εἰσιν,
1061 2138 1123 2200 καί
1152 2136 1211 2201 ἐστι

190 2241 306 2327 Δκύβος
331 2237 348 2306 ὁ
372 2247 418 2323 A,
442 2238 544 2325 κύβος
567 2237 633 2325 ἀρα
655 2238 710 2305 καὶ
735 2235 753 2304 ὁ
778 2244 823 2304 Β·
847 2235 928 2325 ὅπερ
952 2241 1020 2305 ἔδει
1047 2242 1164 2320 δεῖξαι.

671 2472 734 2521 κς.

148 2607 182 2655 20
272 2580 316 2643 Οἱ
337 2575 469 2663 ὅμοιοι
494 2579 674 2644 ἐπίπεδοι
697 2573 869 2662 ἀριθμοὶ
892 2572 989 2661 πρὸς
1016 2571 1214 2662 ἀλλήλους

202 2683 324 2769 λόγον
353 2688 528 2770 ἔχουσιν,
562 2679 607 2749 ὃν
635 2682 883 2767 τετράγωνος
915 2677 1092 2767 ἀριθμὸς
1125 2681 1214 2770 πρὸς

207 2788 460 2876 τετράγωνον
483 2787 665 2876 ἀριθμόν.

261 2895 438 2963 Ἔστωσαν
462 2893 573 2982 ὅμοιοι
597 2897 745 2961 ἐπίπεδοι
770 2891 912 2980 ἀριθμοὶ
937 2894 972 2960 οἱ
992 2901 1035 2976 A,
1056 2902 1099 2961 B·
1124 2897 1215 2980 λέγω,

207 3001 260 3071 ὅτι
283 3001 300 3069 ὁ
325 3011 357 3069 A
376 2999 460 3089 πρὸς
477 3001 537 3068 τὸν
555 3008 583 3067 Β
608 2999 710 3085 λόγον
730 3004 806 3086 ἔχει,
831 2997 872 3066 ύν
890 2997 1103 3085 τετράγωνος
1123 2999 1216 3088 ἀριθ·

149 3137 183 3186 25
207 3106 269 3197 μὸς
291 3106 374 3195 πρὸς
396 3106 605 3193 τετράγωνον
629 3103 788 3193 ἀριθμόν.

202 3272 399 3280 ——--—-—
407 3272 411 3275 -

278 3343 302 3389 3.
322 3335 392 3404 πρὸς
411 3333 500 3409 κύβον
520 3332 663 3408 ἀριθμόν]
682 3333 727 3390 bis
747 3357 784 3405 φ,
803 3332 852 3387 sed
872 3348 940 3387 corr.
1005 3339 1029 3388 8.
1050 3332 1106 3407 δή]
1123 3354 1178 3393 om.
1192 3339 1217 3392 P.

209 3415 250 3464 10.
271 3403 375 3478 ὅμοιοι]
395 3403 452 3476 ἀρα
472 3403 565 3476 ὅμοιοι
582 3409 672 3476 Bth.
753 3413 795 3460 11.
815 3401 873 3457 εἰσί
888 3403 949 3470 th.
1032 3412 1076 3463 12.
1097 3404 1219 3480 δέ]βήλ

209 3487 251 3533 13.
272 3473 439 3547 ἐμπίπτουσι
457 3480 546 3547 qu2.
604 3483 652 3536 15.
671 3480 739 3550 τῶν]
760 3473 810 3532 τόν
830 3494 860 3542 φ.
922 3480 962 3528 17.
982 3473 1068 3548 εἰσιν]
1090 3477 1147 3533 εἰσι
1162 3480 1219 3548 Vq.

209 3544 278 3619 ἐστι]
300 3545 375 3603 ἐστιν
393 3550 423 3603 Ρ.
479 3556 521 3605 24.
541 3550 579 3621 A]
600 3567 657 3619 seq.
677 3567 730 3603 ras.
753 3546 837 3603 1litt.
854 3544 886 3598 V.
943 3539 1069 3617 ἀριθμός
1089 3567 1145 3606 om.
1161 3549 1218 3619 Vm.
