2514 4012
362 203 638 256 ELEMENTOBUM
655 205 765 256 LIBER
782 205 804 258 I.
1047 201 1091 266 29

65 355 138 418 ΔΖ
163 348 360 434 congruent.
386 368 464 413 nam
487 347 516 412 si
539 346 629 412 basis
652 349 718 411 ΒΓ
737 368 812 412 cum
834 347 908 412 basi
931 351 993 411 EZ
1017 368 1091 412 oon·

68 460 181 544 prust,
205 455 312 520 latera
334 455 443 519 autem
461 457 545 536 BA,
568 460 600 519 A
606 456 637 519 Γ
652 475 725 518 oum
744 458 828 536 EA,
851 457 918 518 ΔΖ
931 474 998 519 non
1016 475 1092 518 con·

69 565 210 650 gruunt,
237 581 350 627 uerum
378 563 469 625 extra
491 560 620 645 cadent,
648 563 685 624 ut
707 562 792 642 ΕΗ,
815 562 897 644 HZ,
920 559 954 623 in
980 560 1092 625 eadem

70 673 166 735 reeta
187 666 304 732 iisdem
328 666 453 733 duabus
476 667 574 733 rectis
598 665 681 732 aliae
704 667 787 731 duae
810 669 917 731 rectae
941 666 1093 750 aequales

73 776 180 841 alteru
208 773 303 838 alteri
326 773 563 838 constituentur
586 772 627 839 ad
651 772 738 839 aliud
762 777 859 858 atque
883 772 971 837 aliud
994 795 1092 858 punc-

73 886 147 946 tum
179 879 222 945 ad
250 879 386 944 eandem
416 884 545 964 partem
576 879 707 945 eosdem
736 879 894 945 terminos
925 879 1093 945 habentes.

76 988 132 1053 sed
162 1007 230 1052 non
258 987 502 1052 constituuntur
531 989 636 1070 [prop.
658 984 747 1067 VIIJ.
793 985 903 1070 itaque
933 985 1004 1050 fieri
1026 1008 1093 1052 non

76 1097 196 1178 potest,
219 1097 257 1157 ut
278 1093 352 1157 basi
375 1096 440 1163 ΒΓ
459 1091 498 1156 ad
522 1093 629 1157 basim
652 1096 717 1156 ΕΖ
743 1091 906 1176 adplicata
928 1113 996 1157 non
1020 1113 1094 1158 con·

77 1203 199 1286 gruunt
222 1199 319 1264 etiam
342 1198 447 1263 latera
461 1201 612 1285 ΒΑ,ΑΓ
630 1220 703 1262 cum
726 1201 884 1282 EA,AZ.
916 1204 1096 1283 congruent

77 1306 188 1391 igitur.
226 1327 326 1390 quare
349 1305 448 1370 etiam
471 1305 610 1391 angulus
627 1307 730 1368 ΒΑΓ
748 1325 822 1369 cum
846 1303 967 1390 angulo
991 1308 1022 1368 E
1028 1309 1094 1369 ΔΖ

79 1415 239 1496 congruet
261 1415 294 1476 et
316 1411 347 1476 ei
369 1412 513 1497 aequalis
537 1411 600 1476 erit
624 1413 665 1492 [κ.
690 1411 756 1474 tvo.
782 1411 830 1492 η.
963 1469 966 1473 ,

146 1516 238 1602 Ergo
262 1518 291 1581 si
315 1517 379 1583 duo
401 1517 563 1604 trianguli
584 1517 647 1581 duo
670 1516 775 1581 latera
793 1515 919 1581 duobus
938 1516 1095 1581 lateribus

78 1623 230 1708 aequalia
256 1624 379 1689 habent
406 1624 543 1688 alterum
574 1622 669 1688 alteri
697 1627 730 1687 et
755 1622 860 1687 basim
884 1623 957 1687 basi
980 1644 1095 1706 aequa-

79 1730 144 1795 lem
179 1729 316 1817 habent,
352 1731 450 1795 etiam
482 1731 619 1815 angulos
657 1728 846 1815 aequalibus
882 1729 978 1794 rectis
1011 1751 1096 1795 com·

78 1835 260 1920 prehensos
285 1836 436 1921 aequales
459 1835 643 1920 habebunt3
671 1834 757 1920 quod
781 1839 850 1899 erat
873 1834 1095 1901 demonstran-

83 1942 169 2008 dum.

560 2029 616 2096 IX.

146 2154 268 2219 Datum
293 2155 452 2239 angulum
475 2154 679 2219 rectilineum
703 2154 736 2217 in
755 2154 834 2219 duas
853 2157 961 2238 partes
982 2176 1097 2238 aequa·

86 2264 135 2327 les
159 2259 310 2326 diuidere.

149 2365 200 2431 Sit
222 2365 316 2431 datus
341 2367 479 2452 angulus
503 2367 687 2432 rectilineus
707 2369 816 2432 ΒΑΓ,
848 2371 979 2450 oportet
995 2367 1097 2452 igitur

88 2495 162 2539 eum
186 2473 220 2536 in
244 2471 324 2536 duas
347 2476 456 2557 partes
480 2474 630 2558 aequales
653 2473 805 2537 diuidere.

148 2581 297 2644 sumatur
323 2579 358 2642 in
381 2584 447 2644 AB
480 2579 617 2664 quoduis
644 2582 801 2663 punctum
832 2584 877 2663 A,
905 2583 938 2642 et
968 2578 1009 2643 ab
1033 2582 1102 2643 ΑΓ

84 2691 192 2751 rectae
211 2691 283 2751 ΑΔ
302 2686 445 2769 aequalis
468 2686 679 2750 abscindatur
697 2689 766 2750 ΑΕ
779 2687 883 2769 [prop.
896 2685 970 2769 111]‚
989 2688 1022 2749 et
1041 2684 1098 2750 du-

85 2796 179 2858 catur
203 2797 279 2877 ΔΕ,
304 2795 337 2856 et
359 2791 394 2855 in
408 2796 479 2856 ΔΕ
491 2794 700 2857 construatur
721 2791 905 2878 triangulus
923 2792 1098 2875 aequilate-

81 2921 137 2964 rus
160 2901 262 2962 ΔΕΖ
295 2900 400 2982 [prop.
422 2897 466 2983 1],
494 2902 527 2962 et
554 2897 690 2962 ducatur
712 2900 788 2962 AZ.
830 2896 915 2981 dico,
942 2898 1098 2981 angulum

82 3007 189 3069 ΒΑΓ
203 3007 291 3069 recta
306 3005 420 3070 AZin
442 3004 522 3070 duas
546 3008 655 3087 partes
681 3004 831 3087 aequales
856 3004 995 3068 diuisum
1020 3025 1099 3068 esse.

151 3178 200 3234 IX.
220 3178 381 3249 Simplicius
400 3179 429 3234 in
447 3179 527 3248 phys.
547 3177 595 3232 fol.
608 3183 648 3232 14.
678 3177 792 3233 Boetius
811 3196 837 3248 p.
854 3183 914 3244 381,
927 3182 969 3232 1?.

83 3337 245 3408 pioovoaV.
331 3345 371 3394 11.
391 3335 455 3410 ἐπί]
475 3354 559 3408 supra
576 3339 606 3392 F.
692 3344 731 3392 13.
752 3339 826 3408 ταῖς]
846 3356 900 3393 om.
919 3339 974 3407 Pp.
1057 3345 1101 3396 14.

82 3411 117 3482 τῇ
138 3407 220 3484 βάσει
239 3406 292 3478 τὴν
313 3407 395 3482 βάσιν
413 3409 448 3476 Ρς
468 3427 538 3465 corr.
558 3427 594 3464 m.
611 3416 633 3464 1.
710 3415 751 3464 19.
772 3405 976 3480 εὐθύγραμμον
995 3411 1101 3478 γωνίαν

84 3481 209 3623 Ρῖαοῖὶυε.
239 3486 327 3606 BF23.
348 3477 410 3552 inl]
429 3477 484 3550 γὰρ
504 3476 555 3536 ἐπί
570 3480 606 3548 P;
625 3475 681 3535 ἆπί
697 3481 730 3548 V,
750 3497 819 3538 corr.
837 3500 872 3536 m.
891 3487 913 3537 1.
987 3487 1030 3536 27.
1049 3502 1103 3550 γω-

85 3572 101 3605 ν
166 3568 219 3607 om.
291 3595 298 3607 .
